3224 5256
309 358 369 419 184
810 355 892 404 Tituli
910 353 977 404 Elei.
1378 353 1440 416 [eea
1455 379 1491 388 -
1595 299 1596 374 i

396 563 480 643 [263]
502 562 513 620 i
537 556 564 619 Ν
582 569 685 623 exstat
700 561 733 621 in
748 581 831 624 aare.
845 595 888 605 -
904 562 921 620 4
938 553 1027 622 ὀπτός
1047 578 1153 621 errare
1171 558 1198 619 4“Ι
1215 579 1272 640 pro
1291 555 1316 618 Κ
1333 560 1491 640 seriptum

309 685 379 729 esse
402 672 493 746 putat
514 665 599 746 Fick,
618 666 702 726 Geta.
720 664 782 744 gel.
800 660 878 724 Ana.
899 663 978 722 4883
996 684 1028 743 p.
1049 663 1121 723 424.
1145 697 1188 706 -
1211 662 1229 720 5
1246 682 1294 743 sq.
1315 659 1488 744 μαΙνασίος;

308 769 497 850 Hesychius:
525 766 667 850 ρναοίον·
693 765 798 850 μέτρον
820 788 849 828 τι
871 765 1053 849 διμέδιρνον.
1078 801 1122 810 -
1143 763 1229 846 isq.
1254 759 1402 850 λυΙαοίοτο,
1429 789 1493 828 πε-

307 867 419 934 πάοτοτ
447 870 546 950 daal„
571 889 645 932 nam
666 871 765 932 Thero
788 877 820 932 et
839 867 1034 931 Aeehmanor
1056 869 1265 930 communiter
1286 890 1398 951 agrum
1422 890 1493 951 pu-

309 975 430 1038 blicum
453 972 685 1035 conduxerunt.

309 1230 376 1298 264
401 1234 454 1314 [=
478 1233 550 1313 446]
590 1232 717 1294 Lamina
741 1251 838 1292 aenea
861 1231 974 1292 effossa
996 1230 1173 1311 Olympiae.

765 1396 853 1486 Θεόρ.
900 1395 998 1486 Τιίχα.
1026 1404 1030 1484 Ι

415 1537 486 1606 ’Υπὸ
507 1536 719 1604 Ἐλλανοδικᾶν
741 1541 797 1603 τῶν
818 1535 885 1624 περλ
904 1534 909 1623 Ι
929 1532 1090 1623 Αἰσχύλον,
1110 1535 1203 1601 Θυίαν.
1225 1529 1359 1624 ΙὌπωρ,
1377 1539 1450 1604 ἐπεί

378 1665 393 1712 5
417 1638 615 1729 Δαρονραίτηρ
635 1636 793 1726 Ἀγήτορορ
814 1643 828 1724 ΙΙ
850 1639 989 1726 Τενέδιορ
1010 1638 1229 1726 πεπολιτενκὼρ
1250 1636 1324 1726 παρ’
1348 1637 1422 1726 ἁμέ,
1445 1647 1450 1718 Ι

417 1743 507 1833 αι’ντόρ
534 1770 567 1810 τε
596 1742 647 1810 ναί
674 1739 690 1808 ὂ
717 1738 828 1829 πατάρ,
868 1743 920 1807 καί
955 1744 1209 1832 ἐοτεφανωμέΙνορ
1241 1739 1290 1809 τόν
1322 1768 1354 1809 τε
1385 1749 1450 1810 τῶν

415 1847 581 1934 Ὀλυμπίων
603 1843 706 1934 ἀγῶνα
728 1845 780 1911 καὶ
805 1845 811 1932 Ι
837 1837 942 1933 ἄλλοιρ
964 1844 1016 1910 καί
1037 1847 1183 1933 πλείονερ,
1209 1843 1394 1933 ἐπανιτανὼρ
1419 1851 1452 1916 ἐν

364 1971 396 2021 10
417 1951 469 2018 τὰν
489 1952 494 2039 Ι
514 1953 592 2016 ἰδίαν
614 1947 668 2016 ταίν
690 1975 722 2014 τε
743 1952 786 2014 τῶ
807 1946 921 2036 πατρὸρ
948 1949 1148 2036 θεαροδοκίαν
1172 1949 1369 2036 διαΙΙδέδενται
1396 1953 1453 2016 καί

418 2053 598 2142 ίνποδέχεται
619 2051 682 2138 τοίρ
703 2053 836 2139 θεαροίρ,
860 2051 865 2138 Ι
891 2050 1003 2138 ὄροίαρ
1031 2051 1063 2116 δὲ
1085 2052 1137 2118 καί
1158 2054 1223 2139 τοῖρ
1245 2056 1361 2141 λοιποῖρ
1381 2057 1453 2142 τοῖρ

419 2155 491 2246 παρ’
518 2153 617 2242 ἀρέων
638 2154 643 2241 Ι
662 2152 714 2220 τὰν
736 2159 834 2221 πᾶσαν
850 2157 955 2243 χρείαν
978 2157 1122 2243 ἐκτενέονρ
1137 2154 1190 2221 καί
1204 2151 1453 2246 ἀπροΙφααίστωρ

419 2263 593 2349 παρέχεται,
612 2257 745 2347 φανερὰν
767 2261 876 2324 ποιέων
896 2258 901 2345 Ι
919 2256 973 2324 τὰν
988 2259 1056 2346 ἔχει
1070 2253 1187 2326 εὔνοιαν
1201 2259 1268 2326 ποπί
1281 2257 1333 2324 τὰν
1347 2258 1450 2344 πόλιν,

366 2385 395 2434 15
419 2361 524 2451 καθὼρ
540 2364 552 2449 ΙΙ
567 2365 703 2449 πλείονερ
728 2358 950 2449 αἰπεραρτόρεον
973 2367 1038 2448 τῶμ
1058 2365 1198 2429 πολιτᾶν·
1221 2364 1226 2452 Ι
1244 2357 1327 2450 ’ίπωρ
1348 2363 1381 2430 δὲ
1398 2364 1455 2430 καί

420 2463 544 2554 ἂπόλερ
554 2467 711 2552 καταξίαιρ
726 2467 871 2554 φαίναται
889 2464 894 2550 Ι
912 2462 1035 2553 χάριτερ
1051 2462 1299 2533 ἆνταποδιδῶασα
1313 2468 1377 2554 τοῖρ
1394 2464 1497 2533 aii-sic

419 2576 474 2658 τᾶρ
500 2568 505 2657 Ι
530 2567 712 2656 εὖεργέταιρ,
739 2564 876 2656 ι’νπαίρχην
900 2565 1079 2655 Δαμοκρίτα
1106 2568 1265 2657 πρόΙΕενον,
1290 2569 1342 2635 καί
1362 2566 1455 2656 εὐερ-

365 2694 398 2742 20
419 2675 507 2762 γέταν
530 2669 558 2738 δ’
583 2665 667 2760 ἧΙΙμεν
689 2675 745 2758 τᾶρ
767 2667 872 2758 πόλιορ
895 2667 982 2737 αὐτὸν
1009 2669 1060 2736 καί
1081 2673 1179 2761 γένορ,
1204 2673 1256 2739 καλ
1278 2671 1316 2739 τὰ
1334 2673 1340 2760 Ι
1359 2671 1455 2739 λοιπὰ

419 2779 503 2860 τίμια
524 2767 599 2861 ἦμεν
623 2769 719 2856 αὖτοῖ,
745 2767 821 2840 ὅσσα
843 2773 894 2839 καί
915 2777 980 2862 τοῖρ
1002 2768 1116 2862 ἄλΙλοιρ
1130 2780 1282 2864 προξένοιρ
1296 2775 1347 2842 καλ
1362 2772 1455 2864 εὔερ-

419 2882 521 2967 Ιέταιρ
545 2874 674 2966 ίπάρχει
694 2875 777 2964 παρὰ
797 2877 801 2964 Ι
821 2881 876 2965 τᾶρ
890 2874 1006 2964 πόλιορ.
1035 2869 1130 2964 Ἦμεν
1153 2879 1186 2945 δὲ
1207 2878 1260 2945 καί
1282 2875 1455 2968 ἀσφάλειαν

420 2982 471 3049 καί
486 2984 607 3067 πολέρον
627 2980 631 3067 Ι
650 2981 701 3045 καὶ
716 2977 838 3066 εἰραίναρ
853 2978 905 3046 καί
925 2984 982 3068 γαρ
1005 2980 1056 3047 καί
1078 2983 1195 3069 βοικίαρ
1216 2983 1353 3070 ἔγκτηοιν
1374 2983 1430 3048 καί
1445 2984 1456 3069 ΙΙ

366 3105 398 3154 25
421 3081 557 3152 ἀτέλειαν
580 3085 632 3150 καί
653 3085 812 3171 προεδρίαν
834 3085 866 3148 ἐν
895 3086 958 3170 τοῖρ
981 3083 1188 3172 Διονυσιακοῖρ
1208 3085 1214 3172 Ι
1233 3083 1370 3173 ἆγοίνοιρ,
1396 3091 1454 3151 τᾶν

419 3215 452 3254 τε
474 3191 580 3254 θναιᾶν
603 3187 654 3254 καί
676 3192 762 3272 τιμᾶν
783 3190 881 3252 πασᾶν
901 3185 906 3274 Ι
927 3189 1066 3275 μετέχην,
1088 3185 1193 3276 ναίλώρ
1212 3188 1265 3254 καί
1285 3188 1332 3255 τοί
1352 3189 1455 3254 λοιποί

420 3289 600 3379 θεαροδόκοι
619 3291 624 3378 Ι
643 3290 694 3355 καὶ
716 3285 871 3376 εὐεργέται
893 3293 1058 3378 μετέχοντι.
1094 3288 1192 3375 Δόμεν
1215 3291 1248 3356 δὲ
1271 3288 1356 3358 αὖτοῖ
1373 3291 1379 3377 Ι
1399 3292 1456 3357 καί

366 3413 399 3462 30
422 3393 601 3482 Δαροκράτη
633 3391 681 3459 τὸν
711 3393 820 3478 ταμίαν
850 3394 930 3464 ξένια
959 3390 995 3458 τὰ
1022 3394 1035 3476 ΙΙ
1061 3395 1184 3480 μέγιστα
1205 3397 1240 3459 ἐν
1261 3399 1316 3460 τῶν
1338 3390 1451 3488 νᾷμων.

421 3495 464 3563 Τὸ
486 3498 519 3562 δὲ
541 3493 682 3584 ψάφιαμα
701 3496 705 3583 Ι
725 3492 758 3562 τὸ
779 3493 901 3583 γεγονὸρ
924 3492 982 3561 ἀπὸ
1004 3501 1058 3584 τᾶρ
1080 3499 1182 3584 βωλᾶρ
1196 3497 1308 3586 γραφὲν
1324 3501 1357 3585 ἐγ
1370 3495 1454 3585 χᾶλ-

421 3601 517 3686 νωΙμα
540 3597 673 3685 ἀνατείλᾷ
694 3601 725 3664 ἐν
748 3595 781 3664 τὸ
806 3597 888 3685 ἰαρὸν
910 3602 952 3663 τῶ
972 3597 1044 3687 Διὸρ
1067 3606 1109 3663 τῶ
1129 3597 1294 3687 Ὀλυμπία·
1318 3601 1322 3688 Ι
1341 3598 1393 3665 τὰν
1419 3601 1456 3665 δὲ

421 3704 593 3789 ἐπιμέλειαν
608 3707 662 3789 τᾶρ
678 3699 840 3790 αἰναθέαιορ
855 3699 1008 3788 ποήασοαι
1024 3701 1028 3786 Ι
1045 3701 1192 3790 Αἰσχίναν
1207 3700 1256 3769 τὸν
1272 3702 1455 3790 ἐπιμελητὰν

367 3827 398 3876 35
421 3811 474 3872 τᾶν
503 3807 617 3872 ἵππων·
642 3807 655 3891 ΙΙ
675 3805 743 3893 περὶ
773 3805 805 3870 δὲ
827 3811 868 3870 τῶ
892 3802 1100 3892 α’ποοταλᾶρεν
1121 3808 1187 3893 τοῖρ
1209 3805 1360 3893 Τενεδίοιρ
1385 3805 1391 3891 Ι
1419 3803 1455 3872 τὸ

421 3907 544 3998 γεγονὸρ
566 3906 707 3997 ψάφισμα
729 3910 900 3994 ἐπιμέλειαν
922 3906 1066 3994 ποιήαται
1085 3909 1089 3996 Ι
1110 3907 1300 3998 Νικόδρομορ
1320 3906 1453 3997 ὄβονλο-

421 4010 550 4100 γράφορ,
576 4006 658 4100 imp
683 4015 759 4099 δοθᾷ
778 4014 841 4099 τοῖρ
861 4010 866 4099 Ι
886 4013 1010 4099 θεαροῖρ
1024 4015 1089 4099 τοῖρ
1104 4016 1142 4098 ἐμ
1157 4013 1290 4099 Μίλητον
1306 4009 1455 4079 ἀποστελ-

366 4136 400 4185 40
421 4118 568 4204 λομέΙνοιρ
590 4114 657 4182 ποτλ
678 4114 731 4182 τὰν
753 4117 860 4180 θυσίαν
882 4114 933 4180 καὶ
958 4113 1007 4180 τὸν
1030 4112 1133 4203 ἀγῶνα
1155 4117 1168 4202 ΙΙ
1188 4121 1247 4183 τῶν
1270 4117 1450 4203 Διδνρείων.

316 4274 423 4338 Edidit
444 4277 628 4355 chnnonn
654 4275 747 4336 Anah.
773 4275 848 4336 Zeit.
876 4275 914 4333 33
943 4271 1062 4356 (4876),
1088 4294 1121 4355 p.
1147 4275 1205 4334 483
1231 4293 1317 4355 sqq„
1344 4275 1400 4356 qui
1424 4285 1497 4357 pest

316 4375 487 4439 Alexandri
517 4379 622 4460 magni
652 4385 782 4438 mortem
812 4377 869 4438 sed
896 4377 1027 4439 fortasse
1053 4386 1125 4439 anie
1147 4377 1274 4439 initium
1305 4375 1497 4441 dominatio—

318 4479 367 4542 nis
389 4483 544 4544 Romanae
566 4483 624 4544 hoe
652 4480 813 4543 decretum
842 4480 959 4543 iactum
982 4499 1051 4542 esse
1075 4490 1175 4563 putat.
1206 4515 1249 4526 --
1276 4481 1497 4544 Rhoiaeismns
