3246 5258
292 367 353 430 302
761 363 843 416 Tituli
859 365 994 416 Arcadici.
1371 362 1431 426 [444
1441 389 1479 408 ..

291 575 536 649 Dirrnunuacua,
565 569 659 632 Arcb.
684 569 759 632 Zeit.
787 571 825 630 36
854 568 958 652 (4878]
985 590 1019 650 p.
1044 571 1083 629 89
1114 589 1148 630 n.
1169 569 1246 648 443,
1279 576 1311 630 44
1332 570 1477 629 Ρ44444444

290 673 369 736 ibid.
388 675 428 734 39
457 671 560 754 (4884)
587 693 620 752 p.
640 673 701 732 487
717 691 789 753 sqq.
813 706 858 716 -
878 674 1124 750 Monumentum,
1150 671 1242 732 cuius
1263 671 1333 733 basi
1355 678 1477 732 rotun-

291 776 349 838 dae
372 776 423 837 hio
446 775 560 837 titulus
583 774 760 854 inscriptus
782 782 846 852 cst,
879 775 971 836 tertio
1002 773 1109 836 seculo
1132 771 1382 835 adiudicandum
1404 789 1477 834 csse

290 886 381 956 putat
402 877 549 958 Purgold.

647 1368 778 1450 XXIII.
818 1369 942 1450 rituli
971 1367 1116 1469 cyprii.

374 1577 549 1639 Titulorum
564 1577 751 1657 Cypriorum
766 1575 963 1638 literaturam
979 1584 1011 1636 et
1026 1574 1197 1636 dialectum
1212 1573 1268 1655 qui
1285 1593 1477 1656 cognoscere

289 1681 385 1760 volet,
411 1682 442 1742 ei
464 1681 513 1741 his
535 1679 737 1759 potissimum
760 1678 853 1739 libris
875 1676 1030 1739 utendum
1053 1677 1128 1739 erit:

374 1853 453 1912 Mon.
479 1852 624 1930 Sonumr,
649 1850 707 1911 Dic
730 1848 880 1911 lnsohriit
901 1868 964 1910 von
987 1848 1108 1912 Idalion
1133 1846 1200 1909 und
1224 1846 1280 1910 das
1302 1848 1477 1928 kyprische

460 1952 617 2033 Syllabar.
664 1953 740 2014 Jena
769 1949 863 2012 4874.

373 2055 489 2115 Dauara
501 2055 569 2116 und
580 2055 772 2133 Smursuuru,
782 2054 839 2114 Die
851 2053 1054 2133 wiobtigsten
1066 2052 1258 2133 kyprischen
1270 2052 1475 2130 lnscbriiten‚

460 2156 683 2218 umscbrieben
698 2155 765 2217 und
781 2157 944 2217 erlautert.
971 2155 1062 2216 Stud.
1076 2155 1128 2216 Vll
1148 2152 1252 2236 (4874)
1272 2176 1305 2235 p.
1320 2152 1382 2214 647
1399 2173 1474 2236 sqq.

373 2256 504 2338 Annuus,
524 2261 568 2320 Zu
591 2258 653 2320 den
675 2257 870 2339 kyprischen
884 2256 1086 2318 lnscbrilten.
1122 2257 1234 2320 Philol.
1252 2256 1291 2316 35
1314 2254 1421 2338 (4875)
1438 2277 1473 2337 p.

460 2363 471 2421 4
494 2380 567 2441 sqq.
592 2361 632 2420 36
654 2358 757 2440 (4877)
777 2380 810 2439 p.
831 2361 842 2418 4
865 2378 937 2439 sqq.

373 2465 452 2524 Mon.
479 2464 623 2542 Scnnmr,
651 2463 837 2542 Sammlung
865 2460 1053 2541 kyprischer
1075 2461 1264 2523 lnsohriiten
1286 2460 1321 2521 in
1343 2460 1478 2541 epicho-

458 2564 580 2626 rischer
602 2565 731 2627 Schriit.
777 2567 854 2625 Iena
879 2562 972 2625 4876.

374 2670 501 2730 loturus
517 2669 624 2747 Voror,
645 2667 873 2739 Quaestionum
888 2666 928 2728 de
944 2666 1047 2732 titulis
1063 2666 1188 2747 Cypriis
1203 2666 1373 2747 particula.
1398 2667 1474 2745 Lpz.

460 2770 552 2831 Stud.
570 2771 583 2830 l
603 2767 706 2850 (4878)
727 2789 759 2849 p.
778 2769 834 2830 25l
856 2787 930 2849 sqq.

373 2872 501 2951 Dureau,
527 2873 682 2952 Nachtrag
711 2889 768 2932 zur
789 2874 913 2951 Lesung
941 2869 998 2932 der
1020 2870 1258 2952 epichorischen
1280 2870 1477 2951 kyprischen

420 3021 422 3028 .
458 2973 658 3035 lnschriften.
697 2973 771 3034 sz.
790 2975 853 3034 Btr.
868 2975 907 3035 Vl
927 2972 1031 3054 (4884)
1051 2993 1085 3054 p.
1105 2975 1145 3032 66
1162 2993 1235 3054 sqq.
1256 2970 1318 3033 437
1334 2991 1407 3053 sqq.

372 3145 547 3206 literatura
576 3145 762 3226 Cypriorum
791 3144 922 3224 propria
951 3163 988 3205 ea
1017 3152 1080 3223 est,
1114 3152 1150 3204 ut
1183 3144 1329 3225 singulae
1363 3143 1477 3204 literae

288 3246 467 3327 significent
496 3256 550 3309 aut
579 3249 706 3310 vocales
734 3254 789 3308 aut
812 3245 950 3326 syllabas
973 3263 1013 3306 ex
1036 3264 1173 3307 consona
1195 3246 1304 3326 aliqua
1326 3263 1400 3308 cum
1424 3263 1478 3306 se

288 3357 405 3428 quante
426 3348 528 3410 vocali
550 3350 750 3430 compositas.
798 3348 988 3429 Explosivae
1016 3346 1128 3410 literae
1150 3357 1276 3426 tenues,
1303 3345 1473 3428 aspiratae,

288 3449 410 3512 mediae
434 3470 497 3511 non
521 3449 771 3531 distinguuntur,
797 3470 903 3532 neque
927 3449 1060 3528 spiritus
1082 3469 1177 3534 asper
1193 3470 1265 3513 cum
1287 3451 1392 3512 vocali
1415 3448 1476 3511 ali-

288 3572 350 3632 qua
374 3552 561 3614 coniunctus
589 3552 681 3614 aliter
707 3552 859 3616 scribitur
887 3560 982 3631 atque
1007 3551 1139 3630 spiritus
1161 3552 1245 3615 lenis
1268 3571 1340 3614 cum
1364 3549 1477 3614 eadem

286 3655 388 3716 vocali
411 3652 609 3716 coniunctus.
656 3657 742 3718 Hanc
763 3656 917 3718 rationem
940 3653 1103 3717 scribendi
1125 3664 1163 3717 ut
1185 3655 1295 3717 formis
1318 3654 1477 3716 sermonis

288 3757 401 3818 Graeci
438 3755 720 3836 accommodarent,
760 3759 867 3839 Cyprii
901 3758 952 3819 usi
988 3765 1064 3819 sunt
1095 3757 1191 3820 certis
1222 3757 1360 3839 regulis,
1393 3773 1476 3836 quas

286 3857 457 3918 Deeckium
480 3866 513 3918 et
535 3858 786 3938 Sigismundium
807 3860 908 3941 (Stud.
923 3861 977 3921 Vll
999 3879 1032 3940 p.
1051 3859 1113 3920 226
1131 3859 1215 3942 sqq.)
1236 3869 1268 3921 44
1282 3858 1475 3922 Ahrensium

292 3959 410 4037 (Philol.
430 3959 470 4019 35
493 3980 525 4039 p.
546 3961 563 4020 i
582 3959 643 4041 sq.)
671 3971 799 4024 secutus
822 3961 1014 4041 subscripsi:

374 4062 402 4121 4.
436 4063 469 4123 Si
499 4061 585 4143 quod
612 4062 804 4125 vocabulum
831 4065 864 4124 in
893 4082 1064 4125 consonam
1087 4062 1215 4143 desinit,
1242 4064 1394 4126 scribitur
1416 4082 1475 4144 pro

288 4181 325 4224 44
348 4162 473 4243 signum
502 4165 572 4226 eius
601 4164 753 4245 syllabae,
781 4185 861 4246 quaa
884 4165 1022 4227 efficitur
1044 4165 1103 4227 bac
1125 4185 1261 4228 consona
1283 4183 1356 4226 cum
1379 4183 1395 4226 a
1416 4184 1477 4226 vo-

289 4263 348 4332 cali
380 4264 558 4330 coniuncta.
604 4267 641 4326 E.
667 4287 697 4347 g.
720 4269 901 4346 po-to-li-atc
922 4295 964 4321 =
985 4261 1099 4331 πτόλιν.
1152 4270 1400 4347 Nonnumquam
1424 4286 1477 4328 ar-

288 4366 405 4426 ticulus
427 4374 460 4427 et
481 4368 742 4449 praepositiones,
765 4369 869 4430 rarius
884 4371 979 4432 etiam
994 4371 1075 4432 aliae
1090 4390 1185 4433 voces
1201 4389 1273 4432 cum
1288 4367 1474 4449 insequenti

288 4468 441 4530 vocabulo
463 4487 527 4530 uno
549 4477 657 4531 tenore
681 4470 875 4551 syllabarum
906 4473 1142 4535 continuantur.
1189 4473 1226 4533 E.
1252 4491 1282 4553 g.
1309 4477 1476 4534 tunone-
