3224 5256
296 335 360 398 204
775 333 856 385 Tituli
874 335 1003 385 Boeotici.
1374 337 1435 400 [295
1447 365 1479 374 -

299 542 447 605 Onasimo
470 541 618 604 archonte
639 538 680 624 (v.
698 538 748 623 22)
769 541 956 604 solveretur.
989 541 1088 605 Cuius
1111 543 1158 604 rei
1181 543 1397 606 vadimonium
1420 564 1481 625 po-

298 645 447 708 lemarchi
470 644 750 706 Orchomeniorum
779 645 823 708 ita
845 654 1072 725 susceperunt,
1099 654 1135 708 ut
1157 646 1219 728 ipsi
1241 655 1404 729 tamquam
1427 647 1483 710 de-

298 749 417 812 bitores
432 748 594 811 Nicaretae
613 748 818 829 haberentur,
845 748 965 830 quibus
987 767 1025 812 ea
1046 749 1127 812 hanc
1148 750 1318 831 pecuniam
1340 751 1412 813 sine
1436 751 1483 812 le-

298 871 374 913 6636
407 848 457 933 (97
489 841 606 932 ἄτοκον)
640 849 680 914 ad
709 850 794 913 diem
828 852 1032 914 constitutam
1060 851 1260 925 credidisset.
1311 853 1376 917 lam
1411 872 1481 916 cum

301 955 378 1016 haec
401 952 469 1016 dies
492 952 628 1034 adesset,
653 955 797 1018 Nicareta
820 954 1050 1017 Orchomenum
1076 956 1216 1036 prolecta
1239 957 1420 1038 pecuniam,
1446 957 1484 1020 de

299 1076 361 1139 qua
385 1056 558 1120 inteream
582 1065 614 1118 et
635 1056 796 1120 civitatem
826 1065 1031 1139 convenerat,
1058 1059 1165 1140 exegit
1189 1057 1233 1140 (v.
1259 1057 1326 1144 16).
1372 1061 1482 1141 Neque

297 1160 490 1242 polemarchi
511 1159 728 1222 vadimonium
750 1160 971 1242 deseruerunt,
998 1160 1055 1224 sed
1078 1161 1180 1223 68833
1206 1162 1371 1226 drachmas
1394 1165 1480 1245 apud

299 1265 465 1326 Pistoclem
487 1264 681 1326 mensarium
696 1263 841 1344 Thespiis
864 1264 1241 1328 habitantom'Nioaretae
1264 1265 1482 1329 transcriben-

299 1366 356 1430 das
380 1375 571 1429 curaverunt
598 1365 639 1449 (v.
661 1367 719 1428 669
743 1366 843 1450 sqq.).
890 1365 1016 1429 Annum
1039 1367 1180 1430 Onasimi
1203 1369 1364 1432 archontis
1385 1372 1483 1433 Boeo-

300 1480 414 1549 torum,
434 1470 606 1552 Polycratis
627 1473 667 1548 (v.
687 1470 807 1552 6166.)
827 1471 988 1534 archontis
1010 1471 1299 1554 Orchomeniorum,
1319 1492 1383 1555 quo
1406 1473 1482 1538 haec

300 1592 351 1636 res
373 1582 442 1636 acta
464 1582 523 1654 est,
549 1573 649 1636 luisse
676 1573 760 1637 intra
790 1592 890 1636 annos
913 1575 1082 1638 223-692
1105 1574 1313 1656 probabiliter
1335 1577 1484 1658 exposuit

299 1681 431 1740 Foucart
452 1677 475 1738 l.
493 1677 516 1738 l.
533 1678 572 1739 lV
590 1697 623 1757 p.
644 1677 695 1737 66.
714 1677 766 1737 88.
793 1677 840 1739 cf.
858 1676 899 1739 ad
918 1697 950 1738 n.
970 1679 1043 1741 293.

387 1781 426 1840 16
449 1779 590 1858 dolituros,
619 1781 678 1840 135
703 1777 870 1843 letheum:
896 1774 995 1844 πιθόω
1017 1781 1039 1844 i.
1059 1801 1092 1862 q.
1109 1779 1217 1862 cribo»,
1243 1782 1395 1846 bibisse
1419 1784 1441 1844 l.
1459 1784 1480 1846 1.

302 1887 373 1946 668.
392 1919 436 1929 -
459 1884 498 1944 18
522 1879 707 1965 ·ΑΤΑ···,
735 1885 1025 1966 63661636666333.
1046 1887 1098 1948 18.
1118 1887 1158 1946 19
1175 1884 1361 1948 dubitanter
1376 1886 1480 1968 posui.

299 2024 342 2034 -
358 1985 398 2048 57
415 1980 647 2072 brolrduuthq:
674 1989 695 2050 i.
708 2010 739 2071 q.
756 1981 969 2074 διαγράψασθη
986 1991 1039 2053 22.
1056 2025 1100 2035 -
1115 1991 1154 2053 62
1168 2007 1217 2070 66.
1237 1987 1288 2050 67.
1308 1986 1362 2051 76.
1382 1991 1482 2072 7366.
1582 2063 1583 2066 ¹

300 2088 335 2156 τὰ
351 2085 492 2177 γράματα
511 2090 640 2172 scripsit
654 2094 797 2171 Meister3
824 2112 929 2175 66636
952 2092 1069 2157 desunt
1091 2093 1237 2174 exempla
1260 2092 1483 2174 geminationis
1582 2069 1583 2090 Χ

280 2197 464 2260 literarum
492 2215 510 2256 3
537 2194 661 2258 Boeotis
684 2197 818 2258 omissae
846 2194 981 2277 (Meister
1001 2196 1082 2258 Dial.
1106 2198 1118 2256 l
1139 2214 1170 2276 p.
1189 2193 1277 2276 267).
1324 2196 1389 2259 Sed
1412 2216 1480 2259 cnm

299 2323 342 2361 ππ
363 2300 474 2362 literae
497 2307 610 2381 ectypo
634 2301 827 2362 Stamatacae
850 2299 1052 2362 confirmatae
1081 2299 1146 2361 sint
1172 2298 1376 2381 (quamquam
1400 2303 1482 2362 Fou-

300 2413 367 2467 cart
388 2422 452 2466 non
473 2402 565 2483 dixit,
592 2421 668 2465 num
692 2403 841 2465 omnibus
864 2411 1001 2484 quatuor
1022 2402 1126 2486 locis),
1159 2421 1213 2466 eas
1236 2410 1359 2465 mutare
1381 2403 1481 2467 nolui.

301 2507 347 2570 Cf.
373 2499 581 2576 Γυνόππαστος
604 2508 737 2586 Tanagr.
757 2525 788 2566 n.
809 2507 881 2586 363,
900 2507 930 2570 2.
979 2506 1229 2568 Geminationem
1257 2504 1423 2570 literarum
1452 2507 1483 2568 in

302 2610 508 2674 commissura
530 2608 757 2672 vocabulorum
788 2609 901 2672 laetam
931 2609 1031 2671 hahes
1053 2608 1148 2672 etiam
1171 2628 1204 2670 n.
1225 2609 1297 2688 109,
1316 2609 1367 2671 35.
1389 2611 1432 2670 36
1455 2619 1484 2672 66

299 2734 332 2775 6.
362 2714 413 2774 69.
471 2706 517 2775 Τὰ
543 2703 691 2795 recipcre
721 2739 762 2766 =
792 2707 829 2774 τὰ
858 2707 997 2795 κτήματα
1023 2713 1150 2775 videtur
1180 2710 1358 2793 significare
1391 2722 1485 2794 caput

300 2816 455 2899 pecuniae
479 2814 616 2878 debitae.
641 2850 684 2860 --
708 2815 745 2876 63
771 2813 851 2878 bico:
879 2815 923 2878 ito
938 2818 1071 2878 Foucart
1093 2824 1124 2877 et
1145 2815 1244 2895 Blass,
1272 2809 1337 2878 6366
1360 2816 1486 2879 Meister

300 2922 412 2982 111311
435 2939 469 3000 p.
487 2918 566 2994 2753
600 2916 756 2999 quomodo
779 2918 878 2980 lorma
901 2916 1088 2999 explicanda
1113 2919 1164 2998 sit,
1191 2919 1388 2999 grammatici
1412 2938 1485 2981 oer-

301 3033 379 3088 tant.
410 3057 452 3068 -
481 3023 519 3082 61
544 3017 674 3103 τεθμίωε
707 3021 876 3102 »depositi
911 3021 1058 3095 crediti«;
1091 3020 1175 3083 idem
1205 3021 1397 3085 vocabulum
1427 3023 1486 3086 alia

302 3126 783 3211 616616336163662291626.
814 3161 857 3170 -
894 3123 934 3186 67
963 3116 1136 3206 Σουννόμωε
1173 3143 1287 3187 nomen
1321 3127 1485 3207 proprium

301 3229 430 3313 agnovit
455 3228 590 3292 Meister.
618 3263 662 3273 -
698 3226 738 3290 75
762 3221 1081 3312 1666631611316166·
1115 3221 1281 3312 διαγράψηε
1316 3231 1395 3292 haec
1424 3247 1485 3292 636

302 3333 463 3413 intellego,
489 3331 551 3393 nisi
574 3331 653 3393 forte
673 3334 806 3394 Foucart
827 3332 946 3394 erravit
968 3332 1077 3394 dicens
1099 3332 1134 3392 in
1155 3339 1266 3413 ectypo
1290 3333 1484 3396 Stamataceo

302 3435 401 3499 verba
434 3435 478 3497 ita
511 3432 678 3497 coniuncta
711 3453 799 3512 esse;
840 3433 1041 3497 desideratur
1079 3453 1233 3497 numerus
1267 3434 1485 3498 drachmarum

302 3539 408 3621 quinti
424 3537 535 3600 debiti.
553 3573 596 3583 -
611 3536 652 3599 78
669 3557 741 3620 sqq.
761 3538 944 3620 Syngrapha
966 3537 1036 3618 ipsa
1059 3557 1203 3600 sermone
1226 3537 1346 3618 volgari
1369 3536 1483 3619 scripta

302 3652 350 3706 cst
372 3641 514 3722 exceptis
536 3641 719 3704 nominibus
741 3643 882 3704 testium.
907 3675 951 3686 -
972 3643 1013 3701 86
1035 3635 1179 3718 Μνάσων,
1197 3635 1358 3710 Τελεσίαςε
1385 3641 1486 3702 nomi-

302 3746 431 3809 nativus
459 3764 517 3825 per
545 3745 767 3808 soloecismum
796 3745 929 3825 positus.
956 3780 999 3790 —
1030 3746 1089 3805 669
1114 3737 1293 3829 Θεόφεστος,
1330 3743 1389 3804 667
1415 3736 1485 3807 Θιό·

303 3870 437 3934 perorna:
470 3850 491 3912 i.
523 3870 552 3911 e.
585 3841 750 3918 Θεόθεστος
781 3846 865 3910 idem
893 3847 1076 3930 significans
1106 3856 1201 3929 atque
1231 3843 1409 3930 Θεαίτητος,
1443 3845 1481 3908 ci.

301 3955 389 4016 Blass
413 3953 475 4015 1.1.
500 3986 544 3998 -
568 3953 626 4012 616
652 3947 743 4022 m}
766 3969 872 4013 errore
894 3952 1075 4031 repetitum.
1100 3985 1144 3996 -
1168 3950 1227 4010 tto
1251 3944 1435 4014 ἑσλιανάτωε
1461 3949 1481 4010 i.

303 4077 335 4138 q.
361 4049 556 4141 ἐξαλειψάτω,
583 4056 624 4118 oi.
642 4054 730 4117 Blass
752 4054 774 4116 l.
793 4054 816 4116 l.
840 4089 883 4100 -
907 4054 966 4114 161
984 4072 1075 4136 sqq.:
1101 4054 1135 4115 Si
1158 4053 1271 4116 civitas
1293 4052 1483 4134 promissum

302 4178 365 4222 non
384 4160 589 4241 praestiterit,
608 4166 737 4239 cogetur
759 4165 792 4218 66
813 4165 909 4220 totam
932 4157 1101 4237 pecuniam
1125 4155 1265 4218 debitam
1287 4164 1319 4218 et
1340 4173 1421 4233 eam,
1446 4153 1484 4215 de

303 4283 367 4346 qua
390 4270 590 4342 convenerat,
610 4261 745 4324 solvere.
763 4295 806 4305 -
829 4249 1018 4344 6666133366
1040 4280 1074 4322 vo
1096 4256 1193 4323 toto:
1218 4259 1342 4322 »irritae
1364 4265 1484 4320 sunto«

303 4367 348 4430 De
376 4389 410 4430 33
439 4365 614 4448 particulae
643 4382 704 4426 usu
735 4363 886 4426 6681366
916 4365 936 4425 l.
960 4363 997 4443 1.,
1023 4363 1119 4425 Roehl
1149 4363 1190 4426 ad
1217 4361 1293 4425 los.
1317 4357 1481 4422 6661166.
