3294 5258
295 343 335 405 88
759 339 840 390 Tituli
858 338 1009 392 Cretenses.

213 531 219 543 ⁶
297 545 360 612 131
392 547 538 628 Αριονεο,
565 547 599 608 in
621 565 710 609 muro
734 565 796 608 non
819 547 961 627 antiquo.

398 697 511 786 Ἀγαθῖγ
533 695 622 786 τύχᾳ.
650 691 756 771 Ἔδοξε
779 701 823 782 flul
839 701 928 785 β]ωλι“ρ
949 698 954 786 Ι
973 697 1024 764 καὶ
1046 703 1089 784 τῷ
1112 693 1213 785 δάμιρ·
1239 697 1432 784 Κληοίλίένλης

401 798 506 886 Σοίίσω
529 801 609 866 εἶπε·
633 798 781 890 Ἀντίοχον
804 800 855 866 καί
880 798 1074 888 Ἀγαθοκλίῆν
1098 801 1280 888 Σωσιγένεος
1297 797 1432 887 Ἱεροπο-

363 926 378 975 5
402 906 484 978 λίτας
507 904 520 989 ΙΙ
541 906 679 991 προξένος
706 896 785 989 ἦμεν.
805 901 892 978 αὐτὸς
915 905 966 970 καί
992 904 996 991 Ι
1019 904 1137 991 ἔγγονα,
1164 900 1297 991 ὖποίρχεν
1320 905 1353 969 δὲ
1376 901 1432 970 αὐ-

401 1011 463 1082 τοῖς
491 1007 542 1072 καί
568 1007 573 1092 1
601 1007 797 1072 ἰσοπολιτείαν
827 1006 879 1072 καί
906 1012 961 1094 γᾶς
988 1006 1040 1073 καί
1068 1009 1164 1080 οἰκίας
1190 1009 1194 1092 l
1220 1007 1354 1092 ἔνκτησιν
1380 1007 1433 1072 καὶ

348 1129 379 1178 10
402 1109 537 1176 ἀτέλειαν
567 1106 718 1197 είσξάγωσι
744 1109 795 1175 καί
825 1107 951 1197 ἐξάγωσι
978 1109 1029 1176 καί
1057 1106 1135 1176 κατὰ
1156 1111 1169 1196 ll
1190 1117 1245 1196 γᾶν
1275 1110 1326 1176 καὶ
1355 1107 1434 1176 κατὰ

402 1211 559 1281 θάλασσαν
574 1211 626 1278 καί
641 1216 672 1279 ἐν
692 1213 697 1300 Ι
717 1216 839 1299 πολέμω
860 1213 911 1278 καί
927 1218 958 1279 ἐν
974 1213 1080 1300 είρήνα
1096 1209 1184 1279 άσυλί
1198 1213 1250 1279 καί
1269 1213 1274 1301 Ι
1294 1211 1426 1279 άσπονδί

295 1375 370 1437 ClG.
390 1372 484 1436 2558.
521 1375 751 1450 fliussoumll,
769 1371 850 1433 Bull.
869 1372 955 1436 Gorr.
974 1373 1056 1433 Hell.
1075 1373 1114 1432 lll
1136 1369 1238 1455 (⁴879)
1258 1392 1291 1452 p.
1312 1373 1367 1433 43⁴
1390 1391 1419 1432 ο.
1437 1370 1467 1431 5.

295 1513 337 1523 -
359 1477 485 1539 Titulus
507 1473 635 1537 videtur
658 1494 728 1538 esso
750 1473 847 1536 medii
871 1475 936 1537 lere
959 1473 1059 1536 seculi
1082 1494 1110 1535 a.
1130 1475 1201 1538 Chr.
1220 1494 1252 1535 n.
1272 1474 1412 1538 secundi.

1322 1632 1472 1640 *—

296 1732 363 1800 132
394 1735 473 1814 Deli,
500 1734 533 1796 in
556 1753 646 1796 muro
668 1752 767 1814 prope
791 1735 946 1814 templum
967 1732 1137 1813 Apollinis.

393 1879 515 1958 Ἔδοξεν
538 1883 683 1951 Κνωσίων
706 1887 767 1958 τοῖς
789 1881 910 1972 κόσμοις
933 1886 984 1951 καί
1006 1889 1043 1971 τᾷ
1065 1882 1145 1952 πόλι.
1177 1882 1298 1970 Ἐπειδὴ
1320 1885 1431 1972 ίΔιοσ-

401 1992 541 2078 κουρίδης
580 1989 793 2075 Διοσκουρίδου
828 1987 900 2055 καθ’
933 1985 1073 2054 ὖοῦεσίαν
1110 1989 1144 2054 δὲ
1169 1984 1432 2075 Ἀσκληίπιοδώρου

402 2090 536 2180 Ταρσεὺς
564 2089 768 2178 γραμματικὸς
792 2090 843 2158 διὰ
864 2090 917 2157 τὰν
941 2085 1058 2157 εὔνοιαν
1082 2083 1117 2157 λιν
1143 2092 1147 2180 Ι
1175 2093 1241 2180 ἔχει
1269 2093 1352 2180 πορτὶ
1380 2090 1432 2158 τάν

364 2216 379 2264 5
403 2192 482 2281 ἁμάν
504 2194 591 2262 πόλιν
615 2191 829 2281 συνταξάμενος
851 2192 1007 2281 ἐγκοίζζμιον
1036 2193 1112 2260 κατὰ
1133 2201 1190 2261 τῶν
1211 2201 1336 2282 ποιγτᾶν
1359 2192 1432 2284 ὖπέρ

403 2306 446 2364 τῶ
462 2295 531 2385 ἇμῶ
552 2299 651 2372 ἔθνιος
677 2295 853 2386 &lintellis
870 2295 1000 2385 Μάρινον
1017 2300 1163 2364 Διονυσίω
1174 2296 1328 2385 Ἀμισηνὸν
1343 2325 1433 2385 ποιη-

401 2400 454 2468 τὰν
478 2406 557 2468 ἐπῶν
579 2400 630 2468 καί
653 2404 759 2490 μείλῶν
782 2399 831 2468 τὸν
855 2398 942 2475 αὐτὸς
966 2397 1048 2467 αὐτῶ
1064 2400 1213 2488 μυθητὰν,
1238 2398 1434 2489 διαθησιάμε-

402 2531 451 2571 νον
473 2504 511 2572 τά
530 2505 534 2594 ί
553 2507 843 2592 πεπραγματευμένα
866 2501 914 2570 ὑπ’
938 2502 1034 2570 αὐτῶ·
1060 2503 1132 2592 ὺπέρ
1150 2499 1198 2591 ὧμ
1214 2502 1345 2594 Μέρινος
1366 2506 1435 2592 παί-

349 2626 380 2676 10
404 2607 599 2695 ραγενάμενος
621 2606 693 2695 παρ’
713 2605 772 2693 ἁμὲ
793 2607 843 2674 καί
867 2605 1000 2674 ἐπελθὼν
1024 2609 1073 2674 ἐπί
1093 2634 1125 2674 τε
1147 2606 1195 2682 τὸς
1218 2605 1326 2694 κόσμος
1348 2609 1361 2695 Η
1383 2610 1435 2674 καὶ

401 2708 454 2777 τὰν
477 2713 637 2797 ἐκκλησίαν
667 2712 801 2800 ἐμφανία
830 2714 993 2778 κατέστασε
1023 2709 1072 2777 διὰ
1094 2716 1147 2778 τᾶν
1171 2709 1360 2800 ἀκραίαίσίωμ
1382 2709 1435 2777 τάν

402 2819 444 2880 τῶ
465 2812 571 2901 ἀνδρὸς
593 2817 769 2902 φιλοπονίαν
792 2811 845 2880 τάν
869 2841 901 2880 τε
922 2816 991 2903 περί
1013 2813 1045 2880 τὸ
1073 2815 1077 2902 ί
1102 2812 1286 2901 ἐπιτάδουμα
1308 2811 1432 2896 εὐεξίαν,

403 2915 514 3002 ὁμοίως
536 2919 570 2984 δέ
592 2918 644 2984 καί
665 2915 718 2984 τάν
742 2910 859 2984 εὔνοιαν
883 2911 919 2984 ἃν
943 2918 948 3007 Ι
972 2919 1039 3005 ἔχει
1059 2916 1143 3005 πορτί
1164 2917 1215 2985 τὰν
1237 2915 1334 3000 πόλιν,
1362 2915 1436 2982 ἀνα-

403 3017 552 3106 νεοίμενος
576 3014 672 3095 αὔτως
694 3019 748 3087 τάν
770 3019 958 3110 προγοίνικὰν
982 3019 1101 3109 ἀρετάν,
1130 3019 1168 3087 δι’
1195 3018 1337 3108 ἐγγράφω
1360 3023 1436 3105 ἐπίέ-

348 3142 378 3192 15
401 3127 498 3208 δειλξε,
531 3123 582 3190 καί
618 3130 704 3190 τοῦτο
739 3123 825 3212 πέίδὰ
860 3125 980 3198 πλίονος
1014 3129 1144 3198 σπουδᾶς
1174 3123 1226 3190 καὶ
1254 3125 1435 3212 φιλοτίιμίμς

402 3225 452 3293 τὸν
482 3225 691 3315 άπολογισίμὸν
720 3225 905 3313 ποιιόρενος,
938 3227 1042 3302 καθὼς
1068 3230 1245 3315 ἐπέβαλλίελ,
1273 3225 1346 3315 ὑπὲρ
1370 3229 1436 3293 ίδίω

402 3331 587 3418 παιδείυλίτᾶ·
612 3329 665 3419 ἐφ’
686 3326 727 3397 ὧν
750 3333 801 3398 καὶ
823 3330 856 3398 τὸ
877 3335 993 3419 πλῆθος
1008 3337 1066 3397 τῶν
1081 3334 1214 3412 πολιτᾶν,
1234 3321 1433 3416 ἀκοόσάντεςί

402 3433 439 3498 τὰ
461 3437 750 3522 πεπραγματευμένα
772 3433 824 3500 καὶ
846 3435 899 3500 τὰν
920 3429 1044 3520 [άίλλαν
1068 3433 1181 3522 αἵρεσιν
1203 3440 1245 3499 τῶ
1261 3430 1377 3521 ἀνίδρὸς
1399 3429 1434 3500 ἃν

348 3555 380 3603 20
402 3537 481 3624 ἔχων
511 3535 653 3625 τυγχάνει
683 3540 725 3611 εἰς
752 3535 805 3603 τὰν
838 3535 916 3624 ἁμάν
946 3534 1042 3619 πόλιν,
1074 3535 1242 3624 άπεδέίίξατο
1277 3535 1432 3625 μεγάλως

403 3635 462 3725 ’ίκπγ
477 3632 518 3706 οἷν
534 3641 585 3706 καί
601 3636 720 3715 ἁπόλις
735 3647 792 3706 τῶν
810 3640 954 3707 Κνωσίων
975 3643 979 3729 ί
1000 3638 1144 3729 φαινήται
1158 3638 1334 3728 εὐχάριστος
1351 3639 1435 3706 ίὸνσα

404 3741 455 3809 καί
476 3742 525 3818 τὸς
547 3742 637 3818 καλὸς
660 3740 804 3831 κάγαίίλὸς
825 3751 885 3811 τῶν
910 3744 1025 3832 ἀνδρῶν
1052 3743 1262 3832 ἀποδεχομένα
1283 3743 1334 3810 καί
1356 3739 1435 3829 τιμί-

404 3871 478 3912 ονσα
497 3848 501 3932 ί
521 3844 574 3921 τάς
596 3873 627 3912 τε
650 3850 808 3922 καταξίανς
823 3851 965 3938 χαρίτανς
981 3845 1159 3914 ἀπιδιδόνσα
1173 3849 1234 3920 τοῖς
1254 3846 1258 3934 ί
1278 3844 1435 3934 εὖεργετῆν

349 3967 381 4018 25
405 3947 496 4017 αὐτὰν
518 3955 760 4039 προαιριομένοις
790 3953 841 4019 καί
868 3949 999 4040 φανεράν
1022 3951 1034 4038 ll
1058 3947 1244 4017 καθιστάνσα
1271 3953 1302 4024 ἐς
1323 3947 1437 4024 πάντας

406 4049 579 4140 ἄνθρωπος,
611 4048 684 4119 ῧσαν
714 4055 779 4143 ἔχει
808 4055 979 4142 διάίλαμψιν
1010 4051 1082 4143 ἱνπέρ
1110 4058 1168 4119 τῶν
1191 4048 1437 4147 είινόωςιὸιακει-

406 4160 501 4242 μένων
523 4154 616 4244 πορίτ’
644 4155 754 4223 αὖτάν·
780 4156 927 4246 δεδόχθαι
941 4163 978 4244 τᾷ
1004 4154 1088 4225 πόλι·
1114 4159 1269 4224 ἐπαινέσαι
1291 4159 1437 4223 Διοσκου-

406 4261 497 4347 ρίΙδην
526 4261 737 4348 Διοσκουρίδου
765 4260 838 4327 καθ’
868 4260 1009 4328 ὖοθεσίαν
1038 4261 1072 4328 δέ
1096 4257 1363 4348 Ἀσκληπιίοδοίρου
1390 4259 1438 4326 ἐπὶ

350 4381 382 4429 30
404 4366 464 4438 τοῖς
493 4368 806 4452 πεπραγματευμέναις
835 4362 883 4432 ὑπ’
916 4362 997 4431 αὐτῶ
1019 4367 1032 4449 ΙΙ
1055 4365 1106 4430 καί
1134 4371 1171 4450 τᾷ
1201 4368 1376 4453 προαιρέσει
1401 4358 1437 4430 ἃν

405 4467 484 4555 έχων
507 4465 649 4555 τυγχάνει
670 4471 702 4542 ἐς
717 4466 770 4534 τὰν
791 4469 795 4558 Ι
817 4465 895 4556 ἁμάν
910 4465 1006 4535 πάλιν.
1033 4460 1128 4554 Ἦμεν
1145 4468 1178 4533 δὲ
1195 4465 1282 4544 αὐτὸν
1298 4469 1349 4533 καὶ
1363 4463 1437 4557 προ’-
