3294 5258
308 371 350 432 80
766 367 848 419 Tituli
865 367 1016 420 Cretenses.
1383 369 1436 433 [ιιι
1451 395 1487 406 -

820 455 974 464 ——m—

311 570 513 637 ΕΜΙΑΔΗΙ.
546 609 586 620 -
616 575 655 637 29
685 567 802 645 λισσόςε
839 574 879 636 of.
905 575 1041 656 Hesych.
1073 567 1209 645 leucade·
1247 573 1415 657 δεομένους.
1447 611 1489 621 -

310 674 393 738 ΕΙΗΙ
416 679 558 756 Dethier3
591 672 638 762 εἴη
662 676 720 759 dec]
741 674 832 740 coni.
847 679 961 758 Helbig
985 678 1009 739 l.
1027 678 1050 738 l.
1069 679 1121 738 43.
1146 711 1190 723 -
1212 678 1251 740 32
1268 697 1317 758 sq.
1345 673 1490 761 ΠΡΑΙΞ-

309 775 435 844 ΟΝΤΙ.
460 815 504 827 -
526 779 565 842 37
582 800 632 864 sq.
659 777 903 844 ΠΡΑΞΟΝΤΙ.
927 817 971 826 -
999 783 1034 842 ll
1062 776 1215 844 ΤΙΝΕΝ.
1241 815 1284 826 -
1311 773 1486 865 οόρεόωντιε

309 886 357 946 »in
379 883 538 966 praesidio
560 885 768 948 versenturc‘l
787 919 830 930 -
851 885 908 945 Dl
936 879 1007 945 ·ΙΑ·
1021 917 1063 930 -
1085 885 1124 944 49
1141 903 1190 965 sq.
1215 879 1485 968 ΝΕιΜΟΝΗΙΑΙ.

310 1023 352 1033 --
374 989 415 1050 32
439 988 508 1051 init.
535 983 626 1048 ΣΑΙ.

798 1092 1000 1099 —-.

639 1241 673 1310 3.
705 1241 856 1310 Decreta
878 1241 921 1308 do
943 1241 1041 1323 asylo
1063 1240 1160 1310 l'eio.

394 1402 492 1480 Prope
507 1399 661 1480 oppidum
677 1400 763 1482 quod
777 1419 863 1462 nuuc
877 1410 926 1462 est
941 1399 1067 1480 Sigarik
1081 1408 1207 1480 reperta
1222 1408 1297 1462 sunt
1312 1419 1374 1461 non
1389 1421 1490 1482 pauca

311 1501 436 1566 decreta
458 1504 591 1565 aliarum
614 1501 789 1583 civitatum,
816 1502 936 1583 quibus
951 1503 1075 1584 asylum
1089 1503 1211 1584 Bacchi,
1237 1502 1324 1584 quod
1338 1505 1392 1566 Tei
1407 1512 1486 1583 erat,

309 1606 522 1668 confirmatur.
569 1607 721 1687 Pleraque
744 1606 855 1667 horum
878 1603 1076 1668 decretorum
1103 1605 1242 1686 prolecta
1273 1615 1348 1668 sunt
1369 1625 1409 1667 ex
1431 1626 1489 1687 op-

309 1708 395 1790 pidis
417 1709 635 1773 Cretensibus.
680 1710 725 1770 Ea
747 1727 900 1789 responsa
929 1717 1005 1771 sunt
1034 1707 1074 1770 ad
1102 1708 1182 1770 duas
1204 1709 1378 1790 legationes
1399 1709 1490 1770 Teio-

308 1831 399 1891 rum,
433 1832 567 1893 quarum
596 1811 687 1874 alteri
708 1809 914 1892 Apollodotus
936 1820 969 1873 et
990 1811 1114 1876 Colotes
1143 1813 1232 1873 alteri
1257 1811 1432 1875 Herodotus
1458 1821 1490 1875 et

308 1916 463 1978 Menecles
486 1916 705 1996 praefuerunt.
743 1913 966 1996 Apollodotum
988 1923 1020 1977 et
1034 1914 1173 1978 Colotam
1195 1933 1277 1977 anno
1294 1916 1353 1976 493
1371 1936 1398 1978 a.
1414 1917 1487 1979 Chr.

310 2016 343 2077 in
366 2016 483 2099 oppida
505 2016 668 2082 Cretensia
691 2017 803 2080 missos
833 2037 904 2080 esse
926 2018 994 2080 veri
1017 2017 1121 2080 simile
1143 2026 1201 2098 est,
1228 2018 1304 2098 quia
1326 2016 1489 2080 decretum

309 2121 515 2183 Romanorum
539 2120 615 2183 GlG.
637 2120 719 2182 3045
744 2121 850 2200 ipsum
873 2141 1002 2202 quoque
1023 2121 1148 2202 asylum
1169 2120 1280 2182 Teium
1302 2120 1490 2182 confirmans

309 2223 368 2284 hoc
390 2242 471 2286 anno
494 2223 611 2286 lactum
634 2232 694 2287 est.
733 2222 910 2286 Herodotus
931 2233 1038 2286 autem
1060 2233 1092 2285 et
1106 2224 1261 2286 Menecles
1283 2222 1414 2304 triginta
1434 2231 1491 2286 aut

309 2325 403 2387 etiam
433 2326 582 2406 pluribus
611 2327 704 2390 aunis
732 2336 805 2407 post
833 2328 923 2390 missi
951 2346 1022 2390 esse
1055 2326 1190 2408 putandi
1224 2336 1313 2406 sunt,
1350 2328 1424 2408 quia
1454 2326 1488 2386 iu

308 2430 470 2492 nonnullis
498 2430 634 2493 decretis
663 2439 923 2493 commemoratur
952 2424 985 2492 τὸ
1016 2422 1113 2514 δόγμα
1139 2423 1172 2492 τὸ
1200 2426 1314 2514 γραφὲν
1348 2422 1403 2492 ecl
1432 2428 1489 2491 τῶν

308 2526 459 2617 προγόνων
484 2531 536 2614 (Le
551 2534 611 2596 Bas
626 2535 666 2594 ΙΙΙ
682 2554 714 2595 n.
735 2532 785 2615 76)
812 2533 864 2595 vel
887 2533 1034 2596 similiter
1056 2532 1191 2607 diotum;
1217 2534 1380 2613 complura
1402 2533 1487 2595 enim

309 2635 425 2716 oppida
447 2657 518 2698 curn
547 2656 583 2700 eo
605 2656 704 2715 anno,
737 2656 800 2718 qno
822 2635 998 2699 Herodotus
1026 2644 1058 2698 et
1079 2636 1235 2699 Menecles
1264 2636 1360 2718 legati
1388 2654 1489 2697 vene-

308 2747 390 2818 rant,
422 2740 514 2819 prius
537 2738 697 2801 decretum
719 2749 918 2818 renovarent,
952 2737 1033 2801 illud
1061 2739 1111 2802 his
1133 2739 1241 2802 verbis
1264 2757 1489 2800 commemora-

310 2851 433 2903 verunt.
480 2842 556 2903 Bina
580 2841 707 2905 decreta
737 2851 864 2905 exstent
885 2842 1084 2922 Gnosiorum,
1117 2840 1360 2923 Apteraeorum,
1392 2841 1489 2903 Bian-

309 2944 445 3024 niorum,
470 2942 640 3008 Arcadum.

393 3045 595 3128 Apographa,
631 3046 750 3129 quibus
776 3047 953 3110 Boeckhius
983 3048 1016 3109 in
1043 3048 1092 3109 his
1121 3047 1225 3110 titulis
1253 3045 1386 3109 edendis
1407 3064 1487 3108 usus

309 3159 367 3230 est,
394 3169 506 3230 parum
529 3157 674 3212 accurate
696 3151 778 3214 lacta
800 3159 900 3214 erant.
940 3151 1050 3232 ltaque
1073 3151 1172 3212 multa
1191 3158 1223 3212 et
1238 3147 1489 3212 emendaverunt

309 3263 341 3315 et
363 3253 595 3334 suppleverunt
617 3255 656 3314 Lu
677 3255 734 3316 Bss
756 3256 831 3334 Voy.
850 3254 934 3315 arch.
952 3253 993 3313 lll
1008 3272 1041 3313 n.
1060 3254 1099 3313 60
1117 3271 1187 3334 sqq.
1214 3262 1246 3314 et
1259 3254 1483 3331 Wsnnrnarou,

309 3356 432 3436 Explic.
458 3355 515 3418 des
536 3357 647 3436 lnscr.,
673 3356 737 3417 vol.
762 3357 802 3416 lll
825 3375 858 3436 p.
884 3356 924 3418 28
941 3374 1032 3437 sqq.;
1058 3355 1220 3436 complura
1243 3356 1338 3416 etiam
1361 3355 1487 3417 decreta

310 3467 400 3520 antea
416 3478 479 3519 non
501 3457 659 3540 descripta
675 3458 876 3522 addiderunt.
915 3457 956 3520 Αι
970 3458 1066 3521 etiam
1081 3456 1114 3518 in
1131 3457 1378 3538 exemplaribus
1405 3476 1489 3537 quae

309 3563 350 3622 Le
371 3563 431 3623 Bas
453 3563 629 3641 proposuit,
656 3581 719 3624 non
741 3580 842 3642 panca
864 3571 949 3640 sunt,
976 3580 1057 3642 quae
1079 3579 1138 3641 per
1157 3579 1296 3622 errorem
1318 3559 1485 3639 irrepsisse

309 3661 494 3738 videantur,
527 3665 612 3746 quod
635 3663 743 3728 mirari
763 3683 828 3727 non
850 3682 1029 3744 possumus,
1056 3663 1205 3745 qnoniam
1228 3661 1355 3726 decreta
1375 3663 1488 3722 Dorica

310 3764 443 3828 dialecto
466 3766 643 3847 conscripta
671 3786 729 3848 per
755 3766 910 3848 lapicidas
931 3765 1021 3828 Teios
1043 3765 1147 3828 lonico
1176 3785 1320 3828 sermone
1342 3772 1487 3828 assuetos

309 3869 408 3948 lapidi
423 3867 524 3931 incisa
539 3877 625 3932 sunt.
661 3871 699 3930 lli
717 3869 814 3951 igitur
835 3892 854 3953 η
878 3887 935 3950 pro
959 3891 980 3930 α
1001 3869 1095 3949 longa
1117 3887 1180 3930 uon
1196 3868 1295 3931 semel
1310 3874 1488 3946 posuerunt

309 3979 342 4033 et
363 3972 424 4036 alia
446 3969 594 4034 similiter
615 3991 673 4051 per
694 3972 927 4053 neglegentiam
950 3979 1163 4034 mutaverunt.

311 4137 377 4204 raa
404 4097 537 4224 [=ea].¹

825 4243 952 4322 fatiae.
975 4243 979 4330 Ι

409 4371 528 4452 Ἔδοξεν
544 4379 660 4458 failor
674 4381 736 4453 τοῖς
751 4377 873 4467 κόσμοις
888 4380 940 4446 καὶ
953 4386 992 4468 τᾷ
1008 4377 1095 4446 πόλει
1110 4382 1325 4468 ψαφιξαμένοις
1344 4379 1349 4467 Ι
1368 4377 1446 4446 κατὰ

415 4478 464 4549 τὸν
492 4478 597 4568 νόμον·
634 4480 738 4569 ἐπειδὴ
761 4482 849 4570 Τηΐοι
877 4480 927 4549 διὰ
955 4482 1106 4570 προγόνων
1136 4487 1220 4572 φίλοι
1247 4483 1298 4548 καὶ
1322 4489 1442 4571 coplae*
