3288 5260
332 370 373 432 52
800 367 1040 420 soutouerimni.
1429 366 1519 431 [oi-
1621 409 1622 412 .

954 453 1517 464 -———--—-.——-

334 571 378 642 74
415 575 451 636 ln
472 592 549 637 vase
569 574 730 638 Cervetris
751 582 890 655 reperto.

488 722 555 813 fop',
582 729 752 814 quiniou,
772 721 898 814 ‘Atotoss
924 721 992 813 fip',
1018 723 1158 809 Κλε...,
1185 721 1253 814 Διᾴ.

332 901 442 980 Conna,
467 898 582 962 Annal.
601 898 678 962 dell.
704 901 780 963 lnst.
799 901 840 960 36
868 899 972 982 (tait)
998 900 1145 963 tav.OP.
1167 899 1366 981 -Singula
1389 900 1517 964 nomina

332 1002 492 1083 adsoripta
515 1010 592 1064 sunt
613 1002 724 1084 figuris
746 1001 936 1065 laminarum
952 1012 1113 1066 mortuum
1130 1001 1290 1085 quendam
1313 1003 1347 1065 in
1368 1011 1436 1066 toro
1458 1001 1517 1066 de-

331 1104 530 1186 ponentium.
577 1105 752 1168 Literatura
774 1113 825 1167 est
846 1105 947 1168 seculi
970 1125 999 1169 a.
1024 1105 1097 1169 Chr.
1123 1105 1218 1170 sexti.

335 1358 378 1426 75
416 1363 451 1424 ln
474 1371 595 1425 oratore
618 1381 717 1444 prope
741 1361 882 1443 Capuam
905 1373 1043 1444 reperto.

582 1509 731 1597 Πυλάδας,
755 1509 939 1601 Ἀντιφάτας,
966 1509 1123 1602 Πολόφας,

581 1609 725 1704 Εὔδορος,
751 1613 933 1700 Hieremiae,
959 1613 1143 1705 Πολόδορος.

332 1773 408 1836 cIG.
427 1771 508 1835 7373
533 1774 636 1837 literis
659 1773 861 1838 minusculis.
899 1774 1060 1837 Kirohholl
1078 1771 1191 1856 rapui
1213 1775 1252 1835 89
1275 1774 1357 1837 hano
1378 1775 1518 1858 inserip-

331 1876 450 1938 tionem
473 1885 505 1939 et
527 1896 581 1940 eas
604 1896 686 1959 quae
715 1886 896 1959 sequuntur
918 1877 1002 1940 inter
1024 1878 1171 1959 exempla
1198 1876 1381 1940 literaturae
1404 1878 1518 1941 Corin-

332 1977 453 2042 tliiaoae
475 1980 598 2042 retulit.
724 2055 726 2060 ι

332 2230 375 2301 76
411 2237 447 2297 ln
469 2255 545 2300 vase
565 2235 694 2300 Caerete
717 2246 854 2317 reperto.

420 2384 616 2476 Πολόφαμος,
628 2386 711 2471 fron,
723 2386 805 2470 fior,
822 2386 905 2472 frou,
920 2388 1003 2472 otoo,
1017 2385 1132 2478 Xa'pot,
1148 2385 1374 2478 Πολῦστρατος,·
1384 2388 1491 2478 eripui.

264 2621 270 2636 .
333 2578 408 2642 ClG.
435 2577 517 2642 iani
547 2580 650 2644 literis
680 2581 881 2644 minusculis.
928 2580 976 2645 ui.
1004 2581 1167 2644 llirohhoff
1191 2581 1304 2663 alpha
1325 2583 1377 2642 89.
1395 2583 1453 2628 '-
1481 2583 1516 2644 ln

332 2702 409 2746 vase
431 2684 516 2767 pieta
536 2692 586 2746 est
607 2685 733 2747 venatio
757 2684 842 2765 apri;
867 2692 1035 2748 venatores
1057 2693 1134 2748 sunt
1147 2693 1227 2766 ooto,
1253 2703 1389 2767 quorum
1411 2685 1517 2748 tribus

333 2786 552 2867 subscriptum
574 2795 623 2849 est
646 2783 728 2863 fior.

335 3039 377 3108 77
415 3045 452 3105 ln
473 3061 549 3106 vase
571 3062 671 3124 prope
695 3043 793 3108 Caere
816 3052 953 3125 reperto.

579 3201 581 3204 ⁵
667 3211 784 3295 Aifoc,
800 3204 923 3300 Ἕκτορ,
948 3213 1070 3288 Αἰνέας.

333 3388 409 3450 ClG.
435 3383 519 3448 7377
543 3386 649 3450 ¹literis
671 3386 873 3452 minusonlis.
920 3388 967 3451 Gi.
992 3388 1155 3450 llirolnlnoll
1172 3385 1285 3469 lllpln.³
1306 3389 1358 3448 39.

335 3641 380 3714 78
416 3645 452 3707 ln
474 3652 594 3746 oratere
617 3663 716 3726 prope
738 3644 835 3707 Caere
857 3653 994 3726 reperto.

540 3811 688 3898 Πρίαμος,
715 3808 848 3899 faedio,
879 3807 1028 3900 (l'Exrop,
1054 3808 1140 3900 Αἰνᾴ,
1168 3810 1285 3897 Κιανίς,

539 3911 665 4003 φόραξς,
692 3911 896 4002 Ἱππόμαχος,
931 3911 1115 4003 Κεβριόνας,
1147 3911 1275 3999 Ξάνθος,

539 4016 702 4106 Δαῖφοβος,
729 4017 892 4102 Πολυξένα,
919 4014 1096 4106 Κασάνδρα.

333 4194 409 4258 GlG.
428 4190 524 4256 7379.
563 4191 679 4256 Annali
693 4191 767 4255 dell’
781 4193 859 4256 lnst.
881 4193 962 4256 isto
978 4201 1043 4256 tav.
1061 4195 1128 4256 XX.
1169 4193 1215 4256 Gi.
1234 4193 1396 4256 Kirehholl
1405 4192 1518 4274 alpha

333 4297 386 4358 89.
410 4329 455 4342 -
483 4297 519 4358 ln
543 4293 738 4359 Cassandrae
761 4297 888 4358 nomine
919 4295 1059 4359 seeundo
1087 4296 1181 4358 litera
1209 4296 1291 4358 male
1314 4295 1432 4376 seripta
1455 4305 1514 4376 est,

332 4396 377 4460 ita
400 4405 436 4461 ut
459 4392 482 4456 Ε
506 4416 577 4460 esse
599 4396 757 4460 videatur.
