3310 5264
320 398 360 459 16
783 396 866 446 Tituli
885 397 1020 448 Laconici.
1419 398 1507 462 [33-

427 596 556 686 κάρυκες
965 616 998 664 66
1020 596 1212 685 γραμματεὺς
1230 596 1381 685 Κλήνινος
1407 599 1506 686 (Κλη-

371 720 404 770 46
423 700 560 789 Ἀρχίτας
580 696 781 788 Ἀριστοκλέος
1118 704 1227 786 otton)-

427 801 609 889 Κλεώνυμος
633 801 804 891 Κλήτορος·
1019 802 1068 870 τὸν
1092 803 1137 870 obt
1159 807 1260 892 φέρων
1282 803 1471 892 Εὐδαιρίιιιν·

428 907 543 994 potensi
560 905 730 994 Ἀρέτιππος
742 907 909 972 tlooltrttoo·
1019 907 1068 972 ἐπὶ
1090 914 1216 996 γραφῶν
1239 905 1411 994 Εὖάρερος·

428 1008 560 1096 αὐλητὰς
579 1007 791 1097 Ἀριστόδαρος
822 1006 912 1097 (Apt-
1020 1007 1164 1097 νοιακτὴρ
1187 1003 1299 1098 Εὔβιος

525 1111 701 1198 στοδάρου)·
1020 1110 1159 1200 μάγειρος
1182 1111 1355 1200 Κτησιφῶν.

319 1291 457 1351 Fouctnr
480 1287 568 1368 apud
590 1290 629 1348 Ln
652 1289 720 1368 Bes,
745 1291 822 1369 Voy.
847 1288 932 1352 arch.
959 1290 984 1348 ll
1008 1308 1038 1348 n.
1068 1288 1153 1349 ttae
1180 1289 1314 1370 (Explio.
1339 1310 1372 1370 p.
1390 1289 1506 1370 Bi).-

318 1393 375 1453 Ilio
403 1390 516 1452 titulus
545 1400 577 1452 et
608 1389 671 1452 duo
701 1391 823 1454 similes
856 1391 997 1469 (Foucart
1019 1391 1040 1451 l.
1067 1390 1090 1452 l.
1117 1392 1177 1452 663
1193 1410 1221 1453 6.
1243 1393 1264 1454 d
1285 1419 1327 1447 =
1349 1391 1506 1454 lluellen-

319 1494 432 1574 sielen‚
458 1494 555 1556 Titul.
573 1495 684 1555 Lacon.
708 1493 785 1557 dial.
810 1513 843 1555 n.
863 1493 902 1554 55
915 1511 941 1554 6.
960 1494 988 1574 b)
1014 1495 1178 1556 continent
1199 1495 1357 1575 catalogos
1379 1493 1506 1574 collegii

319 1597 401 1660 sacri
423 1596 464 1659 ad
486 1596 652 1659 sollemnia
674 1596 813 1677 Neptuni
835 1597 980 1659 Taenarii
1002 1597 1205 1676 pertinentis.
1245 1597 1292 1660 ut.
1310 1596 1499 1677 Hesychius:

318 1692 479 1783 Ταινάρια·
504 1693 586 1783 παρὰ
607 1696 856 1782 Λακεδαιμονίοις
878 1693 968 1783 ἑορτὴ
990 1696 1178 1770 Ποσειδῶνος
1199 1697 1251 1762 καὶ
1274 1701 1305 1763 ἐν
1327 1694 1403 1783 αὐτῇ
1428 1694 1505 1761 Ται-

317 1800 465 1886 ναρωταί.
512 1801 652 1884 Catalogi
681 1810 758 1864 sunt
786 1803 881 1863 trium
910 1821 1083 1882 annorum,
1113 1804 1146 1863 in
1174 1801 1387 1883 quibuscum
1410 1820 1504 1863 nemo

318 1905 475 1968 sodalium
508 1913 688 1984 repetatur,
730 1906 759 1965 ei
793 1905 964 1985 quotannis
997 1907 1110 1968 mutati
1145 1924 1214 1967 esse
1248 1904 1383 1986 putandi
1415 1911 1501 1966 sunt.

316 2007 461 2070 Aetatem
483 2007 623 2087 primum
647 2027 675 2069 a.
695 2008 767 2069 Chr.
794 2008 937 2069 seculum
960 2026 1031 2069 esse
1054 2016 1145 2087 putat
1168 2010 1300 2070 Foucart
1321 2029 1353 2088 p.
1372 2009 1424 2068 86.

404 2127 439 2186 56
467 2121 516 2189 τὸν
539 2123 585 2188 clv
608 2125 726 2211 φέρων;
752 2127 775 2187 i.
794 2146 823 2188 e.
841 2121 891 2188 τὸν
906 2120 972 2188 dado
989 2127 1108 2211 φέρων;
1134 2126 1218 2188 idem
1241 2127 1275 2187 in
1297 2127 1390 2190 titulo
1406 2126 1503 2190 simili

317 2232 450 2291 Fouoart
465 2230 518 2290 l.l.
531 2229 620 2290 6636
635 2238 766 2291 vocatur
782 2222 934 2313 σιοφόρος.
951 2231 1050 2306 -aa
1067 2227 1115 2292 ἐπὶ
1131 2231 1269 2314 γραφῶν;
1296 2230 1339 2292 ita
1355 2233 1498 2310 Foucart,

316 2342 352 2394 ut
364 2332 569 2412 intellegatur
580 2349 693 2393 servus
705 2331 827 2394 scribae
841 2332 999 2405 serviens3
1019 2327 1192 2418 ἐπιγράφων
1208 2333 1338 2413 scripsit
1348 2332 1505 2394 Muellen-

317 2435 429 2514 sielen,
455 2435 551 2495 Titui.
577 2435 689 2496 Lacon.
716 2434 792 2496 dial.
817 2455 849 2515 p.
877 2435 929 2497 29.
954 2470 998 2480 -
1021 2436 1059 2496 53
1084 2428 1247 2518 κοιαιιτήρε
1274 2437 1308 2496 in
1331 2436 1434 2496 titulis
1457 2435 1504 2496 si-

315 2537 447 2600 milibus
473 2535 617 2616 [Fouoart
639 2537 663 2598 l.
681 2537 703 2596 l.
730 2555 760 2597 n.
782 2538 878 2598 6636.
898 2537 928 2618 d)
956 2537 1074 2600 dicitur
1095 2532 1237 2622 κοακτήρ.
1283 2540 1341 2599 Per
1363 2547 1502 2600 »coacto-

317 2659 399 2701 rem«
417 2639 620 2720 explicabant
636 2641 738 2702 (lonae
753 2648 786 2702 et
798 2641 969 2721 Michaelis,
988 2639 1103 2703 Annal.
1119 2642 1192 2704 dell’
1210 2643 1287 2704 lnst.
1304 2642 1381 2702 l86l
1403 2641 1498 2720 pil.

316 2743 447 2803 Foucart
469 2743 603 2823 putabat
624 2743 816 2804 vocabulum
838 2741 1048 2805 derivandum
1065 2744 1191 2806 essedo
1213 2738 1289 2822 κόϊξ,
1315 2742 1402 2825 quod
1416 2742 1503 2823 apud

314 2846 414 2906 liores
437 2845 630 2925 significaret
653 2864 755 2927 genus
777 2843 935 2926 quoddam
959 2847 1146 2927 palmarum,
1180 2856 1217 2909 ut
1246 2841 1390 2930 κοιακτὴρ
1417 2847 1503 2908 idem

315 2956 411 3026 esset,
438 2947 542 3028 quiin
559 2967 648 3010 sacro
663 2947 795 3028 collegio
811 2948 950 3010 Castoris
966 2959 998 3010 et
1013 2949 1148 3011 Pollucis
1168 2947 1310 3031 (Foucart
1333 2951 1355 3012 l.
1373 2950 1395 3010 l.
1413 2950 1504 3010 6636

315 3077 359 3102 --·
379 3048 620 3112 lluellensielen
643 3049 664 3110 l.
684 3049 706 3110 l.
731 3068 764 3110 n.
783 3049 834 3128 56)
865 3049 1025 3112 diceretur
1048 3046 1243 3136 ψιλινοποιὸς.
1290 3053 1338 3116 Cl.
1366 3053 1498 3133 liesych.

316 3146 432 3224 κόϊκες·
458 3154 489 3216 ἐν
505 3148 652 3235 Αἰθιοπίᾳ
674 3150 814 3236 φοινίκων
830 3148 927 3223 εἶδος·
953 3150 1005 3215 καὶ
1026 3148 1063 3216 τὰ
1084 3153 1274 3238 πεπλεγμένα
1286 3156 1332 3218 ,ἐκ
1347 3157 1405 3218 τῶν
1421 3148 1500 3239 φύλ-

316 3257 376 3318 λων
404 3256 457 3317 τοῦ
485 3254 609 3340 δένδρου
638 3248 747 3338 σκεύη,
781 3252 891 3339 φορροί
923 3252 1084 3335 (κοΐκινοι).
1140 3256 1203 3320 Sed
1232 3258 1365 3321 fortasse
1393 3258 1503 3337 potius

315 3355 471 3420 utendum
491 3367 540 3420 est
555 3357 616 3420 alia
633 3357 780 3439 Hesychii
796 3358 910 3438 glossa,
936 3353 1070 3428 ιιοιιὶζειΙ
1096 3354 1280 3445 ἐνεχυράζει,
1306 3370 1343 3422 ut
1356 3353 1503 3444 κοιακτὴρ

315 3462 343 3523 is
367 3461 419 3538 sit,
446 3461 502 3540 qui
524 3459 620 3522 ollioii
644 3461 850 3543 neglegentes
867 3459 993 3523 sodales
1008 3462 1196 3543 pignoribus
1212 3482 1323 3544 cogere
1339 3462 1499 3525 debuerit.

316 3749 361 3817 34
388 3752 440 3834 [--
458 3752 487 3833 6]
513 3753 606 3834 Lapis
628 3762 777 3833 repertus
799 3753 832 3813 in
855 3772 930 3833 agro
953 3753 1078 3833 privato
1100 3771 1199 3834 prope
1222 3755 1389 3835 Magulam.

423 4025 556 4112 Φίλητορ
577 4024 582 4112 Ι
602 3920 1011 4112 ΦιλήὲδαΙθέιπὶτῒτδιξροίνόρω
1026 4023 1184 4111 Γοργίππω
1199 4029 1241 4089 τῶ
1258 4024 1438 4113 (supploso)
1448 4027 1459 4114 ll

382 4147 397 4196 5
420 4125 545 4216 νιικάαρ
567 4124 680 4194 reddat
701 4125 867 4216 t’aprtpm
891 4126 1020 4215 Βωραέα
1040 4126 1045 4215 Ι
1065 4123 1204 4214 ἀνέσηκι.

314 4307 497 4382 Ktncnaorr,
523 4305 630 4364 Herm.
650 4304 690 4363 lll
706 4323 738 4383 p.
758 4305 832 4364 tta.
872 4304 1010 4364 Foocrnr
1033 4301 1119 4382 apud
1141 4305 1180 4363 Ln
1196 4305 1253 4364 Bas
1276 4305 1351 4384 Voy.
1370 4304 1454 4366 arch.
1475 4305 1502 4366 ll

314 4426 344 4469 n.
367 4406 451 4468 6626
472 4406 606 4488 (Explio.
624 4426 657 4486 p.
676 4407 716 4465 79
733 4405 811 4486 sq.).
830 4440 873 4452 ·-
887 4406 934 4466 Ex
957 4405 1122 4466 literarum
1146 4404 1245 4468 lorma
1268 4415 1400 4486 apparet
1415 4406 1504 4470 huuc

312 4511 442 4574 titulum
465 4518 538 4590 post
556 4509 717 4571 Christum
740 4515 850 4570 natum
873 4506 1026 4587 scriptum
1050 4525 1137 4582 esse;
1163 4507 1344 4587 exemplum
1368 4507 1505 4588 praehet
