3270 5256
282 371 345 434 350
688 372 820 424 Addenda
837 376 864 423 et
881 373 1052 438 eorrigenda.

368 589 401 642 et
420 579 486 641 iiie.
504 581 652 661 Wagner,
679 578 865 654 Quaestion.
890 578 930 642 de
952 581 1140 662 epigramm.
1165 583 1275 644 Graee.
1300 601 1340 644 er
1362 582 1464 662 lapid.

368 682 441 744 coll.
466 691 630 763 grammat.
655 682 791 764 (Lipsiae
814 683 907 762 4883)
929 702 963 763 p.
982 683 1023 744 97
1046 703 1097 765 sq.
1143 683 1207 746 Sed
1228 679 1284 755 ιὰς
1306 679 1468 769 σηρατόριν

368 784 570 865 probabilius
590 785 732 848 videtur.
754 819 798 830 -
821 785 861 845 45
884 779 973 848 tino:
999 785 1075 848 vide
1097 787 1178 848 inira
1200 788 1241 850 ad
1262 807 1297 848 n.
1313 787 1367 850 37.

283 1019 327 1090 87
368 1043 420 1087 vs.
437 1026 457 1088 2
474 1044 524 1106 sq.
548 1021 603 1097 νὰς
625 1019 804 1111 σηρατόρινι
830 1026 904 1088 vide
927 1045 1011 1107 quee
1032 1025 1124 1089 modo
1147 1028 1215 1091 dixi
1237 1027 1279 1090 ad
1299 1029 1470 1090 1438.-

368 1127 387 1188 3
404 1147 455 1209 sq.
473 1127 566 1208 teat,
585 1128 673 1210 quod
687 1128 816 1210 scripsit
837 1131 977 1208 foueam,
1003 1139 1165 1210 tamquam
1187 1141 1310 1193 eertum
1331 1132 1470 1211 sumpsit

368 1232 516 1310 Βιιιιινιι,
533 1230 646 1292 iiheiu.
662 1234 742 1294 itus.
761 1232 801 1292 38
818 1229 924 1313 (4883)
943 1253 977 1313 p.
995 1233 1059 1293 296
1080 1242 1113 1294 et
1134 1243 1226 1313 putat
1247 1233 1292 1295 ita
1314 1235 1470 1314 seriptum

368 1353 440 1396 esse
461 1353 520 1414 pro
542 1333 650 1414 λαῦαν,
675 1334 698 1396 i.
715 1354 745 1396 e.
762 1335 851 1414 λᾶαν,
876 1345 912 1396 ut
934 1333 1032 1396 ludus
1054 1333 1134 1396 disei
1156 1336 1364 1416 significetur.
1403 1336 1468 1399 Sed

369 1436 496 1498 insolita
507 1445 594 1499 esset
603 1436 775 1500 verborum
786 1438 992 1500 constructio:
1008 1432 1183 1520 νικήσαντες
1193 1433 1466 1524 ιαταθηρατόριον,

370 1539 485 1622 μοῦσαν
500 1536 552 1602 ια)
566 1539 655 1602 λᾶαν.
688 1541 798 1620 itaque
820 1541 922 1603 satius
942 1551 993 1604 est
1015 1541 1101 1624 μόαν
1122 1539 1175 1604 καὶ
1196 1543 1279 1604 ium
1302 1542 1366 1622 (vel
1380 1536 1466 1620 λόιιν,

369 1661 443 1703 nam
465 1643 524 1704 hoe
546 1644 702 1704 ineerton
724 1643 781 1722 ost)
808 1659 881 1704 eum
903 1643 1116 1724 sequentibus
1137 1645 1342 1726 coniungere,
1366 1654 1403 1707 ut
1425 1645 1467 1724 ei,

370 1747 426 1826 qui
452 1745 579 1808 titulum
594 1756 782 1826 posuerunt,
799 1746 918 1807 Dianae
932 1753 964 1806 et
979 1746 1037 1807 hoe
1051 1757 1293 1809 monumentum
1307 1747 1470 1828 lapideum

369 1858 402 1910 et
431 1867 559 1910 oarmen
588 1848 720 1930 aliquod
749 1866 783 1910 se
809 1845 1009 1910 dedicavisse
1037 1847 1155 1910 dicant.
1179 1884 1223 1894 -
1244 1849 1264 1910 Ἰ
1287 1871 1344 1934 qv:
1369 1850 1470 1912 latere

370 1951 495 2012 initium
529 1950 758 2014 voeabuiorum
792 1949 1013 2036 qeiiomieupo:
1048 1947 1101 2014 καὶ
1130 1946 1355 2037 φιλοπάτριδος)
1386 1954 1471 2016 bene

370 2053 506 2115 oonieeit
526 2053 674 2116 Baunaek
696 2053 719 2114 l.
738 2055 760 2115 l.
786 2055 860 2117 234.

286 2273 333 2344 00
368 2279 449 2359 Lege
472 2278 643 2340 »Zeitsehn
661 2278 685 2340 i.
703 2279 813 2340 Num«

284 2497 332 2568 4⁰
372 2503 407 2563 tn
435 2502 638 2566 adnotatione
659 2501 700 2564 ud
721 2521 753 2566 v.
780 2503 841 2564 453
864 2502 921 2583 qui
951 2501 1123 2566 laudantur
1145 2502 1229 2564 tituli
1252 2502 1330 2566 lGA.
1358 2504 1417 2564 443
1440 2504 1469 2565 b.

373 2605 446 2670 447.
466 2607 528 2666 448
551 2613 627 2670 eunt
648 2606 682 2666 in
705 2604 764 2667 hoo
786 2604 913 2668 deieotu
934 2624 966 2666 ιι.
986 2605 1061 2666 800.
1079 2605 1153 2668 206.
1172 2607 1247 2666 800.

286 2741 338 2754 μ

286 2852 306 2893 α
321 2823 367 2894 te
381 2807 387 2822 ’
403 2825 492 2892 Basis
521 2847 619 2891 aenea
648 2845 690 2890 er
710 2826 828 2909 oppido
850 2827 985 2908 Nauplia
1007 2828 1041 2890 in
1063 2841 1209 2891 museum
1230 2829 1355 2910 regium
1376 2832 1474 2892 Bero-

402 2933 527 2995 linense
549 2930 663 2994 dotata.

576 3081 636 3148 izv
659 3081 820 3170 favdqov·
845 3081 891 3148 το)
914 3079 1040 3170 Νιράχα
1062 3078 1180 3148 ἀνέθεν.

286 3241 454 3320 tumne,
476 3236 569 3302 Areh.
589 3237 666 3302 Zeit.
686 3241 724 3300 40
741 3237 847 3322 (4883)
868 3260 902 3321 p.
920 3239 981 3300 383
999 3259 1072 3321 sqq.
1112 3237 1234 3302 Literae
1257 3260 1275 3303 a
1297 3239 1408 3303 dextra
1431 3241 1473 3304 ad

286 3342 449 3407 sinistram
472 3349 625 3424 spectant.
641 3375 684 3388 -—
699 3341 940 3423 inseriptionem
962 3349 1049 3404 rotae
1071 3359 1188 3404 aeneae
1203 3343 1325 3405 Castori
1347 3351 1379 3406 et
1400 3345 1474 3405 Pol-

286 3444 351 3508 luoi
374 3444 539 3509 dedicatae
560 3443 655 3527 Argis
676 3454 821 3526 repertae
843 3439 943 3507 edidit
963 3443 1061 3507 Roehl
1076 3443 1154 3508 tet.
1173 3445 1212 3506 43
1230 3465 1262 3507 a.

288 3664 331 3733 81
368 3667 471 3748 Adde,
495 3667 584 3750 quod
603 3687 667 3730 non
690 3669 835 3731 oonsulto
856 3669 965 3730 omisi:

581 3821 620 3886 20
642 3821 724 3906 (404)
737 3811 913 3906 Ἔ)οε)τος),
932 3823 954 3884 ἰ.
974 3842 1003 3886 e.
1020 3811 1164 3892 Εὔθετος.

289 3977 336 4042 Gi.
362 3973 565 4056 Noferexetoo
587 3995 620 4040 n.
638 3977 754 4060 34414,
774 3978 813 4038 45
837 3987 869 4039 et
890 3977 990 4054 Blass,
1016 3975 1150 4058 Ausspr.
1168 3979 1222 4038 64.

288 4195 335 4265 08
374 4197 410 4260 ln
432 4199 634 4263 adnotatione
656 4217 714 4282 pro
736 4195 854 4264 Σικυών
876 4201 947 4283 lege
962 4195 1113 4283 quodv).
1142 4201 1475 4281 itiounetSuppl.1V

374 4318 408 4383 p.
428 4303 484 4364 444
510 4302 607 4365 hebet
628 4303 712 4366 inter
732 4317 879 4367 nummos
901 4305 1066 4386 Sicyonios
1088 4321 1122 4364 n.
1141 4303 1221 4364 4054
1239 4297 1310 4382 ΣΕ,
1336 4323 1369 4364 ιι.
1390 4304 1471 4364 4055

375 4401 451 4466 ΣΡ.
498 4407 534 4466 ln
555 4406 628 4468 aliis
650 4406 737 4488 apud
759 4407 897 4470 eundem
919 4407 942 4468 l.
967 4407 988 4468 4.
1013 4416 1063 4470 est
1085 4401 1143 4468 ΣΙ.
1267 4411 1270 4416 “
