3270 5256
298 429 361 492 274
649 428 823 480 Honumta
839 425 949 477 (inlecti
967 424 1123 475 Lesbiam.
1371 425 1431 488 [tto
1444 452 1483 462 -

298 656 381 717 quae
410 634 612 697 inscribitur:
651 631 873 694 Additamenta
903 629 944 693 ad
972 630 1144 692 dialectum
1173 643 1205 692 et
1235 633 1419 694 lesbiorum
1447 641 1482 694 et

298 739 517 801 Thessalorum
540 734 800 818 cognoscendam,
825 735 963 796 Berolini
988 733 1081 794 4874.
1127 736 1172 794 Ile
1193 735 1310 812 rehus,
1335 735 1377 797 ad
1399 754 1483 814 quas

299 851 421 923 spectat
442 839 605 902 decretum
628 840 820 918 Eresiorum,
845 840 911 919 egit
933 840 1070 914 Wrsnm,
1095 839 1141 898 Ile
1163 839 1303 899 oratione
1326 857 1409 918 quae
1432 847 1484 900 est

300 946 383 1006 inter
404 942 660 1006 Demosthenioas
682 940 804 1003 decima
826 941 971 1022 septima,
997 943 1102 1022 Progr.
1121 942 1246 1021 lipsiae
1262 942 1357 1004 ⁴882.
1374 940 1484 1001 -Ad

300 1046 535 1110 emendandum
550 1046 718 1107 maximam
741 1044 959 1106 difficultatem
982 1045 1078 1106 hahet
1099 1045 1310 1124 fragmentum
1325 1047 1363 1120 B,
1389 1045 1485 1106 cuius

300 1150 364 1213 duo
379 1149 559 1230 apographa
580 1149 624 1210 ita
639 1147 724 1210 inter
745 1167 780 1209 se
801 1144 996 1226 discrepant,
1021 1155 1056 1207 ut
1071 1148 1143 1210 aliis
1158 1149 1236 1209 locis
1251 1148 1392 1228 Kiepert,
1410 1147 1486 1208 aliis

302 1253 403 1316 Conse
430 1253 473 1334 (p.
488 1253 538 1334 29)
564 1250 657 1331 plura
680 1251 848 1331 agnovisse
869 1259 902 1310 et
923 1252 1110 1312 correctiora
1132 1251 1342 1332 descripsisse
1363 1259 1486 1331 putan-

302 1355 364 1419 dus
386 1355 439 1418 sit.

388 1456 532 1538 Philippo
555 1457 587 1518 in
609 1455 788 1520 llaoedonia
816 1465 969 1536 regnante
991 1457 1082 1518 Eresi
1108 1457 1236 1536 tyranni
1258 1475 1367 1518 rerum
1390 1455 1484 1537 potiti

303 1569 388 1640 sunt,
415 1579 552 1640 quorum
574 1561 702 1621 nomina
724 1568 1008 1620 commemorantur
1030 1561 1181 1638 Hermon,
1209 1560 1360 1640 Heraeus,
1385 1559 1488 1640 Apol-

304 1664 433 1728 lodorus
460 1662 497 1744 (D
513 1662 552 1722 43
570 1681 620 1744 sq.
645 1661 686 1723 oi.
704 1658 729 1723 A
745 1663 786 1722 36
802 1661 879 1744 sip),
911 1682 991 1742 quos
1019 1672 1083 1724 tres
1110 1663 1224 1724 iratres
1251 1663 1351 1725 tuisse
1373 1663 1487 1724 Kiroh—

303 1767 389 1829 holiii
417 1765 597 1829 coniectura
626 1784 706 1828 usus
733 1765 881 1846 exposuit
906 1765 1047 1847 Droysen
1077 1764 1101 1825 4.
1119 1765 1141 1827 4.
1164 1764 1239 1828 372.
1291 1767 1353 1828 Eos
1382 1767 1486 1828 Eresii

304 1869 447 1949 Philippo
472 1868 644 1930 adiuvante
666 1868 875 1947 expulerunt,
901 1868 941 1929 de
964 1887 1028 1949 qua
1050 1887 1086 1930 re
1107 1867 1270 1930 decretum
1293 1869 1332 1950 (4)
1353 1871 1394 1930 33
1419 1871 1481 1951 sq.)

306 1972 423 2034 iactum
455 1980 487 2033 et
514 1972 658 2034 aratori
681 1970 838 2050 Philippio
865 1966 900 2050 (A
916 1971 935 2031 4
951 1971 1015 2053 sq.)
1039 1980 1142 2034 erecta
1164 1981 1224 2034 est.
1270 1974 1380 2034 Postea
1402 1970 1489 2052 Ago-

305 2076 424 2156 uippus
453 2083 485 2135 et
506 2073 693 2154 Eurysilaus
720 2092 784 2135 una
812 2072 849 2154 (D
865 2074 915 2136 43.
936 2074 986 2153 ts)
1019 2075 1188 2156 imperium
1218 2075 1426 2138 obtinuerunt
1456 2085 1490 2137 et

305 2179 432 2240 Eresios
460 2187 630 2258 coegerunt
655 2175 833 2258 pactionem
856 2195 964 2238 seeum
987 2177 1068 2239 inire
1094 2170 1236 2260 (στάλλαν
1257 2174 1326 2263 περὶ
1348 2179 1407 2241 τῶν
1429 2201 1488 2241 ro-

308 2274 420 2367 ράννων
441 2276 523 2343 All
541 2279 620 2361 sq.).
665 2282 732 2341 Jam
757 2299 829 2340 oum
851 2279 996 2360 Philippo
1018 2288 1140 2341 mortuo
1155 2280 1338 2342 Alexander
1359 2283 1392 2342 in
1412 2278 1489 2344 Asia

306 2384 427 2446 bellum
449 2392 590 2464 gereret,
616 2382 742 2463 tyranni
764 2383 874 2444 Persas
900 2381 1052 2446 adiuvare
1074 2393 1264 2463 coeperunt,
1290 2385 1488 2464 praesidium

307 2485 347 2548 ah
369 2486 549 2548 Alexandro
571 2485 661 2548 Erasi
690 2484 877 2547 collocatum
899 2484 1095 2548 obsederunt
1120 2481 1155 2565 (A
1172 2487 1217 2567 l),
1248 2485 1335 2548 cives
1358 2506 1489 2568 quoquo

308 2589 400 2651 modo
422 2599 631 2652 vexaverunt.
673 2588 736 2652 Sed
758 2587 798 2650 ab
821 2588 996 2668 Hegelocho
1018 2588 1221 2652 Macedonum
1244 2590 1324 2652 duce
1348 2591 1490 2670 superati

309 2701 341 2753 et
363 2691 447 2772 capti
463 2701 495 2754 et
507 2691 731 2754 Alexandriam
747 2689 787 2752 ad
802 2711 909 2772 regem
925 2691 1055 2754 abducti
1071 2701 1147 2754 sunt
1167 2689 1202 2774 (A
1220 2693 1276 2770 ll;
1302 2693 1342 2755 oi.
1361 2692 1487 2754 Arrian.

309 2795 359 2874 lll,
379 2795 410 2874 2,
428 2795 460 2857 5.
479 2793 525 2878 7).
571 2796 638 2857 llex
659 2793 801 2874 captivos
823 2796 957 2857 Eresum
980 2794 1077 2872 misit,
1104 2803 1141 2858 ut
1162 2796 1250 2858 cives
1272 2795 1311 2858 de
1334 2796 1381 2858 eis
1403 2795 1491 2858 iudi-

310 2897 394 2959 cium
424 2896 552 2959 ferrent.
599 2900 741 2978 Uterque
770 2897 883 2976 capitis
911 2897 1079 2960 damnatus
1101 2907 1161 2960 est.
1208 2901 1317 2961 Postea
1338 2906 1492 2979 tyranno-

311 3020 381 3062 rum
404 3000 540 3082 Philippi
562 3009 663 3062 aetate
687 3001 892 3080 expulsorum
915 3001 1049 3080 posteri,
1084 3000 1236 3063 Heroides
1258 3002 1370 3064 Heraei
1392 3021 1490 3082 nepos

312 3112 343 3165 et
364 3103 570 3184 Agesimones
592 3103 783 3166 Hermesilae
807 3103 891 3164 filius
914 3105 1080 3166 Hermonis
1102 3123 1203 3185 nepos
1222 3101 1257 3186 (A
1272 3105 1314 3164 36
1330 3105 1408 3186 sq.],
1432 3123 1492 3184 por

311 3203 526 3269 Alexandrum
548 3206 589 3269 ab
604 3207 724 3272 Etesiis
747 3206 918 3286 impetrare
941 3206 1143 3286 studuerunt,
1168 3216 1205 3268 ut
1227 3207 1260 3267 iu
1282 3208 1493 3287 patriamne-

313 3307 432 3389 dirent3
459 3309 516 3371 sed
537 3309 632 3371 vania
654 3309 701 3371 eis
722 3329 741 3370 3
763 3310 881 3389 populo
897 3329 960 3370 uon
976 3310 1048 3373 data
1063 3318 1112 3372 est
1134 3307 1226 3390 (1227
1243 3310 1316 3391 sq.).
1352 3310 1492 3372 Alexan-

314 3411 371 3474 dro
385 3430 461 3474 varo
484 3420 605 3473 mortuo
625 3411 790 3491 Philippus
811 3411 1033 3494 (Arrhidaeus),
1060 3414 1169 3494 quisi
1192 3421 1396 3494 successerat,
1424 3421 1492 3476 acta

314 3515 384 3578 eius
413 3514 453 3577 de
480 3515 626 3595 tyrannis
647 3515 828 3577 Eresiorum
857 3533 1031 3596 eorumque
1059 3516 1196 3596 posteris
1218 3525 1285 3578 rata
1307 3534 1378 3578 esse
1399 3515 1494 3578 iussit

315 3616 351 3700 (G
364 3616 518 3699 st-ssj.
563 3619 672 3697 Neque
694 3615 871 3698 Antigonus
892 3620 1069 3697 Unooulus,
1095 3620 1151 3700 qui
1173 3639 1221 3682 aa.
1240 3620 1411 3679 too-sot
1440 3638 1495 3680 re-

315 3721 433 3803 gnavit,
460 3720 597 3801 epistula
620 3719 660 3781 ad
681 3719 807 3783 Hresios
829 3720 903 3784 data
928 3721 964 3804 (0
978 3723 1101 3783 30-o
1117 3721 1146 3802 3)
1173 3723 1298 3784 efficere
1319 3722 1433 3802 potuit,
1458 3729 1496 3784 ut

316 3825 370 3888 lex
392 3824 431 3886 de
454 3821 550 3885 exilio
572 3832 777 3903 tyrannorum
794 3831 825 3884 et
839 3833 1035 3904 posterorum
1051 3844 1159 3886 eorum
1181 3835 1372 3900 mutaretur;
1399 3826 1494 3885 immo

317 3945 393 3990 vero
415 3945 496 3988 novo
512 3925 638 3989 decreto
654 3926 764 4006 populi
784 3923 822 4007 (D
837 3927 888 4010 28)
909 3936 1016 3990 sancta
1031 3936 1081 3989 est
1096 3937 1127 3990 et
1142 3937 1210 3990 tum
1225 3929 1361 3990 maxime
1376 3929 1491 4007 omnia,

318 4049 400 4111 quae
422 4030 463 4093 ad
484 4030 565 4090 hano
586 4049 653 4090 rem
676 4029 883 4109 pertinerent,
908 4029 1008 4110 lapidi
1031 4030 1183 4110 inscripta
1207 4039 1292 4093 sunt.

402 4133 527 4194 Titulus
549 4126 706 4216 στοιχηδὸν
730 4133 868 4213 scriptus
891 4140 953 4210 est,
980 4132 1043 4194 nisi
1066 4133 1152 4214 quod
1174 4134 1319 4196 nonnulli
1341 4151 1455 4195 vorsus
1478 4153 1496 4194 a

320 4237 382 4298 fine
413 4235 548 4316 singulis
574 4236 627 4298 vel
655 4234 743 4297 binis
769 4236 872 4298 litoris
900 4243 1020 4298 eeteros
1046 4245 1208 4316 superant.
1262 4236 1397 4299 Couzius
1423 4254 1496 4298 eum

320 4340 391 4401 luoe
418 4339 556 4421 maligna
584 4337 768 4418 descripsit;
802 4341 910 4419 itaque
932 4338 1149 4400 literaeinter
1171 4358 1204 4401 sa
1228 4339 1349 4402 similes
1378 4339 1497 4420 passim

321 4449 459 4504 mutatae
476 4450 560 4504 sunt.
575 4477 618 4486 -
632 4437 669 4519 A,
688 4441 706 4500 5
724 4460 773 4522 sq.
798 4435 1036 4526 tielvtlslz'pmoe:
1062 4442 1102 4503 04.
1120 4442 1220 4521 Blass,
1236 4443 1348 4504 llhein.
1366 4445 1444 4505 llus.
1456 4443 1495 4502 36

321 4565 353 4625 p.
373 4546 446 4606 603.
471 4579 514 4590 -
538 4545 575 4605 45
598 4541 743 4629 spissim:
775 4544 815 4606 04.
841 4545 989 4623 Puehrer,
1021 4536 1105 4607 liber
1127 4544 1158 4606 d.
1184 4545 1265 4607 lesb.
1283 4545 1362 4608 Dial.
1387 4545 1493 4629 (4884)
