3288 5260
300 423 336 468 V1
803 407 983 459 Prooemium.

386 614 420 672 In
444 610 677 674 distribuendis
699 613 803 676 titulis
825 614 852 675 si
876 614 950 694 quis
972 615 1175 695 cognationes
1202 624 1233 676 et
1256 615 1484 678 similitudines

300 731 506 798 dialectcrurn
530 732 622 812 sequi
645 733 732 812 velit,
759 732 789 794 ei
804 733 1068 813 proficiscendum
1091 741 1140 796 est
1162 734 1202 798 ab
1225 755 1261 796 eo
1285 735 1478 815 discrimine,

300 853 385 933 quod
408 859 456 914 est
478 855 561 915 inter
583 852 734 916 dialectos
757 872 820 914 non
836 854 968 934 lonicas,
988 873 1123 934 quarum
1139 874 1252 936 magna
1268 863 1317 918 est
1331 857 1479 934 varietas,

299 981 331 1034 et
353 973 485 1036 lonicas
518 974 582 1036 Sed
605 973 663 1034 hac
685 972 889 1036 distinctione
912 992 975 1035 non
998 974 1135 1036 multum
1158 951 1323 1056 proficitur
1345 975 1384 1038 ad
1407 996 1483 1038 con-

299 1093 497 1156 stituendum
527 1093 671 1168 ordinem
700 1094 798 1155 totius
825 1093 900 1155 libri
929 1093 1134 1174 perspicuum
1164 1104 1195 1156 et
1225 1096 1310 1158 lacili
1334 1097 1406 1158 usui
1430 1117 1483 1158 ac-

299 1212 542 1275 commodatum.
587 1215 697 1294 ltaque
727 1233 852 1275 omnem
881 1214 1048 1275 titulorum
1076 1216 1191 1276 molem
1220 1215 1339 1297 digessi
1369 1216 1402 1276 in
1426 1234 1483 1278 sex

297 1341 405 1412 partes
423 1333 545 1396 ratione
560 1353 665 1414 neque
680 1335 775 1414 plane
791 1334 992 1416 grammatica
1016 1353 1122 1414 neque
1143 1335 1239 1414 plane
1262 1336 1481 1417 geographica.

297 1455 375 1516 Nam
404 1454 431 1514 si
461 1453 542 1514 hanc
572 1439 664 1534 sequi
692 1455 881 1534 voluissem,
907 1455 1029 1518 Cretica
1056 1453 1211 1517 dialectus
1238 1475 1310 1518 cum
1333 1458 1483 1518 Laconica

297 1572 529 1654 coniungenda,
556 1574 582 1635 si
606 1574 705 1652 illam,
732 1574 909 1638 Thessalica
932 1575 1115 1637 aLesbiaca
1138 1576 1333 1639 secernenda
1356 1577 1480 1640 luisset.

298 1693 382 1757 Satis
412 1693 553 1774 habebo,
580 1695 607 1756 si
637 1693 669 1755 id
701 1695 869 1775 effecerim,
902 1703 939 1757 ut
964 1715 1080 1776 neque,
1108 1714 1190 1775 qnae
1214 1714 1328 1775 perse
1351 1716 1483 1777 prorsus

298 1814 464 1876 coniuncta
488 1823 573 1891 sunt,
600 1832 617 1875 a
640 1834 690 1875 me
714 1813 845 1879 disiecta
875 1834 946 1878 esse
968 1814 1139 1877 videantur
1162 1823 1203 1893 et,
1230 1816 1286 1896 qui
1309 1814 1391 1877 libro
1414 1835 1483 1879 meo

297 1934 345 1994 uti
367 1933 457 2013 velit,
483 1942 519 1995 nt
541 1933 634 1996 facile
658 1953 891 2015 quamcumque
922 1943 1044 2016 partem
1074 1935 1218 2016 requirat
1247 1954 1315 1997 earn
1342 1938 1483 2017 reperire

298 2054 409 2134 possit.
457 2053 548 2126 Quod
577 2053 687 2116 titulos
717 2054 911 2116 coloniarum
934 2055 1088 2118 subiunxi
1110 2055 1215 2117 titulis
1238 2075 1347 2118 earum
1370 2058 1484 2119 civita-

297 2181 375 2252 tum,
401 2193 420 2234 a
443 2173 562 2254 quibus
584 2174 658 2236 illae
682 2172 826 2237 conditae
849 2183 968 2256 essent,
994 2194 1057 2237 non
1082 2175 1240 2256 estquod
1263 2175 1443 2240 defendam.

383 2291 463 2354 Cum
495 2311 605 2355 omnes
633 2293 744 2355 titulos
772 2293 875 2356 literis
907 2295 1098 2356 minusculis
1132 2294 1308 2375 descriptos
1341 2295 1479 2377 ederem,

297 2411 434 2473 maxime
464 2413 497 2473 in
528 2412 756 2475 vetustioribus
779 2414 1007 2476 elaborandum
1037 2414 1115 2494 luit,
1152 2423 1188 2476 ut
1217 2415 1421 2495 aliquatenus
1451 2416 1484 2478 id

297 2531 517 2613 suppleretur,
549 2531 635 2613 quod
665 2533 743 2596 alias
772 2532 889 2596 additis
918 2533 1112 2614 imaginibus
1140 2534 1305 2596 titulorum
1332 2536 1480 2618 efficitur,

298 2670 338 2713 ne
361 2650 501 2715 dubitari
523 2654 635 2733 possit,
662 2652 743 2734 qnid
766 2654 798 2714 in
821 2653 890 2733 ipso
913 2653 1020 2734 lapide
1036 2627 1088 2715 vel
1108 2673 1180 2715 aere
1197 2655 1351 2735 scriptum
1367 2665 1480 2719 exstet.

298 2773 398 2844 Quam
428 2772 467 2833 ob
496 2791 563 2834 rem
591 2774 696 2836 varias
722 2774 862 2835 rationes
890 2773 1066 2853 scribendi,
1104 2793 1187 2855 quae
1221 2781 1294 2836 ante
1322 2785 1482 2856 receptam

297 2891 494 2954 literaturam
516 2893 653 2954 lonicum
676 2891 762 2972 apud
778 2894 912 2956 Graecos
935 2895 967 2953 in
991 2912 1053 2956 usu
1069 2895 1210 2975 luerunt,
1238 2903 1393 2975 quantum
1415 2896 1483 2959 fieri

297 3018 407 3090 posset
422 3010 525 3072 literis
540 3012 729 3074 minusculis
745 3012 924 3092 exprimere
941 3012 1069 3075 studui:
1095 3033 1110 3074 o
1133 3023 1165 3075 et
1187 3035 1203 3074 ο
1226 3017 1352 3078 vocales
1367 3015 1484 3079 breves

300 3137 331 3190 et
353 3130 465 3210 longas
488 3149 551 3192 non
574 3130 719 3212 distinxi,
746 3132 803 3195 sed
827 3127 849 3190 Ε
875 3139 907 3192 et
928 3129 961 3194 0
981 3133 1101 3213 literas,
1135 3133 1191 3195 ubi
1215 3156 1240 3214 e,
1267 3158 1283 3197 o
1306 3135 1369 3215 vel,
1400 3159 1432 3218 η,
1458 3160 1483 3196 ω

298 3268 392 3311 sonos
415 3249 650 3331 significabant,
684 3270 743 3331 per
764 3274 794 3331 e,
820 3275 837 3314 o
859 3252 988 3342 scripsi,
1023 3253 1079 3314 ubi
1109 3276 1137 3314 ει
1159 3262 1191 3315 et
1213 3277 1248 3316 oo
1272 3251 1484 3336 diphthongos

298 3367 503 3449 adulterinas,
529 3389 587 3451 per
610 3369 658 3451 stt),
685 3369 741 3452 otu).
798 3373 862 3433 Icta
885 3380 1008 3433 mutum
1032 3381 1064 3434 ct
1086 3373 1119 3433 in
1142 3374 1372 3436 vetustioribus
1396 3383 1427 3435 et
1450 3375 1482 3435 in

297 3488 530 3552 recentioribus
552 3490 666 3570 titulis,
699 3490 756 3552 ubi
779 3489 812 3551 in
835 3491 942 3572 lapide
969 3492 1165 3573 adscriptum
1195 3501 1273 3571 erat,
1306 3494 1483 3575 subscripsi

302 3597 341 3690 (a,
370 3631 396 3693 p,
423 3633 450 3693 p,
476 3631 509 3692 ῃ,
535 3606 587 3693 φ),
613 3610 670 3671 ubi
693 3631 752 3672 non
777 3611 982 3692 adscriptum,
1009 3610 1116 3689 omisi,
1143 3612 1299 3692 hocfeci,
1331 3633 1372 3675 ne
1396 3635 1429 3676 αι
1451 3623 1483 3676 et

299 3750 319 3810 ᾳ
340 3727 528 3808 diphthongi
551 3737 649 3810 atque
671 3730 704 3790 in
728 3731 831 3793 titulis
854 3731 1084 3794 vetustioribus
1107 3733 1201 3793 etiam
1224 3753 1262 3812 ει,
1295 3755 1325 3795 οι
1347 3741 1379 3795 et
1399 3756 1432 3817 ῃ,
1458 3757 1484 3818 ῳ

298 3849 578 3928 permiscerentur.
631 3851 785 3930 Spiritum
816 3869 965 3931 asperum
993 3851 1026 3911 in
1060 3851 1163 3913 titulis
1193 3852 1424 3915 vetustioribus
1453 3861 1485 3915 et

299 3968 414 4029 ionicis
436 3975 468 4028 et
490 3986 552 4029 non
576 3969 689 4032 Ionicis
712 3977 808 4051 atque
830 3971 864 4030 in
886 3970 1006 4032 tabulis
1029 3971 1309 4051 Heracleensibus,
1341 3973 1397 4034 ubi
1426 3993 1484 4053 per

301 4083 327 4146 Η
353 4088 405 4149 vel
427 4083 452 4146 l·
473 4087 596 4150 literam
620 4089 759 4169 scriptus
782 4096 863 4170 erat,
897 4089 989 4151 solita
1018 4097 1091 4152 ncta
1120 4091 1310 4172 significavi,
1343 4093 1400 4154 ubi
1428 4093 1483 4156 illa

298 4207 390 4268 litera
412 4208 527 4271 omissa
550 4218 627 4289 erat,
653 4216 759 4270 notam
783 4209 916 4289 spiritus
938 4208 1030 4270 uncis
1053 4208 1169 4272 inclusi
1190 4205 1237 4291 Γ).
1277 4210 1304 4272 Α
1327 4231 1390 4292 qua
1413 4213 1483 4293 lege

299 4346 335 4388 eo
365 4325 513 4418 discessi,
551 4327 637 4409 quod
667 4329 706 4390 ab
737 4329 826 4390 initio
857 4328 1083 4390 vocabulorum
1113 4335 1239 4410 semper
1262 4330 1291 4414 p,
1325 4350 1388 4392 non
1413 4326 1480 4415 pf),

298 4447 391 4526 posui
421 4467 616 4529 quamquam
647 4446 702 4509 ΡΗ
734 4449 833 4510 semel
862 4455 985 4511 tantum
1015 4449 1047 4508 in
1071 4450 1164 4512 titulo
1187 4451 1359 4532 Corcyraeo
1383 4470 1414 4512 n.
1441 4453 1481 4511 Sl

304 4565 353 4648 (cl.
379 4574 484 4630 tamen
507 4570 583 4630 Nax.
611 4588 643 4629 n.
669 4566 741 4652 5t6)
769 4569 923 4651 scriptum
951 4576 1017 4647 est;
1057 4569 1203 4634 nolebam
1234 4571 1319 4632 enim
1348 4569 1484 4633 distinc-
