3288 5260
301 383 343 446 36
774 380 856 430 'l'nuli
875 383 1011 432 lessenii.
1442 381 1486 442 [47

408 585 487 650 ἔστω
507 584 560 651 καί
581 581 599 650 ὃ
619 581 737 672 γράψας
759 581 947 650 ἀποτεισάτω
969 583 1116 671 δραχμὰς
1138 588 1303 673 δισχιλίας,
1333 581 1444 670 ὀμοίως

408 689 443 754 δὲ
463 686 516 754 καί
544 685 561 754 θ
587 689 715 773 ταμίας,
744 679 792 753 ’ὅτι
817 713 858 753 κα
886 684 1048 769 ἑξοδιάσει,
1078 691 1200 754 διπλοῦν
1226 688 1278 754 καί
1306 684 1443 775 δραχμάς

408 793 573 879 δισχιλίας,
603 790 657 856 καί
678 794 707 858 οἱ
733 790 873 857 δικασταί
901 789 942 875 μα’,
971 787 1164 878 άραιρούντω
1190 793 1303 876 μηθέν,
1332 787 1443 856 καὶτὰ

350 911 385 962 ⁶5
405 895 549 959 πίπτοντα
568 893 573 980 Ι
593 897 627 960 ἑκ
648 897 759 960 ταυτΐιν
779 899 833 959 τᾶν
855 895 977 980 κρισίων
999 889 1133 980 διάφορα
1154 890 1313 982 δπαρχέτω
1332 897 1376 967 είς
1389 891 1442 958 τὰν

407 993 566 1062 ἑπισκεοάν
594 1001 650 1060 τῶν
677 1000 709 1063 ἐν
739 1000 783 1084 τῷ
811 995 1016 1084 Καρνειασίιρ.
1058 989 1151 1062 Ὅταν
1179 997 1214 1062 δὲ
1240 999 1443 1064 έπιετελεσθεῖ

404 1091 484 1164 δσων
505 1102 596 1186 χρεία
618 1099 680 1166 ἐστί
701 1099 769 1166 ποτί
790 1099 823 1165 τὸ
846 1103 1004 1186 συνιτελεῖν
1025 1097 1063 1166 τὰ
1088 1097 1253 1186 μυστήρια,
1282 1097 1442 1187 ὑπαρχέτω

405 1198 443 1267 τά
471 1204 615 1268 πίπτοντα
643 1199 776 1292 διάφορα
805 1207 865 1268 τῶν
898 1205 1067 1289 μυστηρίων
1099 1206 1143 1276 είς
1173 1200 1229 1277 τάς
1254 1208 1308 1277 τδς
1333 1199 1442 1276 πόλεος

406 1301 540 1378 έσύδοος.

495 1405 641 1494 Θυμάτων
669 1412 819 1495 παροχας.
871 1406 910 1474 Oi
938 1406 1012 1494 ἱεροί
1039 1404 1115 1492 μετὰ
1139 1406 1174 1474 τὸ
1199 1408 1441 1495 καΙτασταθῇμεν

404 1508 640 1598 προκαρύίαντες
668 1509 796 1598 ἐγδόντω
823 1509 877 1576 τὰν
901 1508 1041 1599 παροχὰν
1067 1515 1123 1576 των
1145 1507 1303 1596 θυμάτων,
1332 1505 1372 1575 ὧν
1394 1513 1441 1575 δεῖ

405 1609 535 1680 θύεσθαι
562 1615 615 1680 καί
642 1617 847 1700 παρίστασθαι
876 1617 908 1680 ἐν
934 1619 997 1688 τοῖς
1026 1616 1214 1698 μυστηρίοις,
1250 1612 1303 1678 καί
1330 1610 1368 1678 τὰ
1396 1617 1441 1686 εἰς

403 1713 473 1790 τούς
492 1716 497 1804 Ι
515 1713 707 1803 καθαρμούς,
737 1713 917 1804 έγδιδάντες,
949 1709 985 1783 άν
1006 1741 1040 1782 τε
1066 1719 1150 1782 δοκεῖ
1175 1719 1320 1804 συνρέρον
1342 1714 1437 1800 εἶμεν,

404 1823 462 1905 εΙίςΙ
481 1820 514 1886 τὸ
537 1817 610 1887 αὐτὸ
631 1817 728 1887 πάντα
749 1817 788 1885 τά
813 1817 951 1904 θύματα,
982 1813 1019 1886 άν
1048 1845 1081 1885 τε
1102 1817 1180 1886 κατὰ
1208 1822 1313 1906 μέρος,
1341 1823 1384 1906 τῷ
1406 1818 1440 1886 τὸ

403 1920 562 2012 ἐλάχιστον
589 1921 785 2012 ύμισταμένιρ
809 1923 815 2010 Ι
839 1921 1016 2010 λάμψεσθαι
1043 1919 1198 2010 διάφορον.
1243 1916 1330 1988 Ἔστι
1357 1923 1391 1988 δέ
1419 1915 1440 1989 ἃ

402 2029 450 2092 δεῖ
469 2030 614 2114 παρέχειν
635 2024 692 2114 πρὸ
713 2031 767 2093 τοῦ
789 2021 941 2114 ἄρχεσθαι
965 2031 1022 2092 τῶν
1052 2027 1235 2112 μυστηρίων,
1266 2019 1358 2112 άρνας
1387 2022 1439 2092 δύο

347 2147 380 2198 70
401 2126 536 2213 λευκούς,
563 2129 612 2196 ἐπὶ
633 2135 687 2197 τοῦ
708 2133 870 2217 καθαρμοῦ
891 2127 974 2216 κριὸν
991 2123 1129 2217 εύχρουν,
1154 2128 1208 2194 καί
1226 2121 1299 2196 ’ὅταν
1318 2128 1323 2216 Ι
1343 2133 1374 2195 ἐν
1396 2133 1441 2216 τῷ

403 2229 524 2321 θεάτρῳ
545 2235 703 2320 καθαίρει,
728 2235 900 2321 χοιρίσκους
921 2237 1015 2320 τρεῖς,
1041 2229 1115 2318 ύπὲρ
1136 2230 1204 2307 τοδς
1225 2229 1440 2318 πρωτομύστας

402 2327 494 2422 άρνας
522 2333 644 2420 ἑκατόν,
674 2340 705 2404 ἐν
729 2338 762 2402 δὲ
783 2341 822 2423 τᾷ
843 2341 948 2422 πομπᾷ
971 2333 1111 2422 Δάματρι
1133 2341 1186 2401 σδν
1213 2338 1351 2417 ἐπίτυκα,
1376 2339 1440 2409 τοῖς

402 2439 436 2505 δὲ
459 2436 598 2526 μεγάλοις
618 2439 623 2528 Ι
644 2441 725 2514 θεοῖς
746 2436 876 2525 δάμαλιν
892 2443 973 2526 διετὶΙ
991 2445 1054 2521 σὺν,
1074 2436 1204 2526 Ἑρμᾶνι
1216 2435 1310 2525 κριόν,
1333 2435 1440 2505 Ἀπόλ-

388 2546 474 2620 ,λωνι
490 2541 631 2631 Καρνείῳ
652 2539 778 2630 κάπρον,
798 2540 889 2630 Ἃγνῖρ
910 2537 968 2609 δϊν.
1002 2539 1036 2608 Ὁ
1059 2543 1093 2608 δὲ
1116 2539 1310 2629 ἐγδεξάμενος
1331 2568 1439 2630 κατεγ-

399 2643 528 2734 γυεύσας
549 2645 617 2712 ποτί
639 2644 707 2721 τούς
731 2644 828 2733 ἱερούς
849 2646 976 2735 λαΙβέτω
997 2643 1035 2712 τὰ
1054 2641 1186 2733 διάφορα
1200 2645 1252 2711 καί
1266 2642 1439 2732 παριστάτω

399 2747 436 2816 τὰ
458 2746 580 2836 θύματα
602 2746 719 2837 εύίερα,
753 2746 887 2837 καθαρά,
917 2746 1070 2836 ὃλάκλαρα
1095 2748 1149 2815 καί
1176 2745 1350 2822 ἐπιδειξάτω
1375 2752 1439 2822 τοῖς

401 2855 490 2940 ἱεροῖς
512 2852 568 2940 πρὸ
584 2850 697 2940 ἁμερᾶν
713 2856 787 2920 δέκα
802 2857 858 2918 τῶν
875 2855 1055 2940 μυστηρίων,
1079 2855 1143 2925 τοῖς
1162 2853 1168 2934 Ι
1188 2853 1221 2918 δὲ
1237 2853 1438 2938 δοκιμασθέν-

399 2981 461 3030 τοις
483 2959 608 3042 σαμεῖον
631 2953 817 3043 έπιβαλάντω
840 2959 869 3022 οἱ
893 2957 969 3045 ἱεροί
990 2955 1043 3022 καί
1064 2954 1102 3022 τὰ
1125 2958 1334 3041 σαμειωθέντα
1347 2981 1438 3042 παρι-

400 3055 497 3127 στάτω
519 3055 535 3124 ὃ
559 3055 763 3146 έγδείάμενσς.
806 3055 861 3125 Ἂν
884 3061 917 3126 δὲ
941 3057 981 3146 μὴ
1003 3063 1133 3146 παριστᾷ
1160 3057 1209 3125 ἐπί
1229 3056 1283 3124 τὰν
1306 3061 1435 3143 δοκιμα-

400 3161 486 3248 σίΙαν,
504 3157 680 3248 πρασσόντω
696 3165 724 3228 οἱ
740 3162 814 3249 ίεροί
829 3160 898 3236 τούς
913 3158 1035 3250 ἐγγύους
1052 3158 1192 3230 αὐτὸκαὶ
1213 3160 1247 3228 τὸ
1268 3153 1372 3248 ἥμισυ,
1398 3158 1436 3228 τά

399 3265 432 3330 δὲ
450 3261 572 3351 θύματα
596 3262 681 3332 αὐτοὶ
702 3262 890 3353 παρεχόντω,
915 3265 968 3332 καί
990 3262 1049 3332 ἀπὸ
1071 3269 1127 3330 τῶν
1150 3267 1344 3352 πραχθέντων
1368 3267 1436 3330 δια-

342 3384 375 3438 75
398 3365 499 3456 φόρων
528 3365 763 3455 κομισάσθωσαν
789 3368 793 3456 Ι
818 3366 871 3435 τὰν
899 3372 1061 3456 γενομέναν
1091 3365 1230 3450 δαπάναν
1255 3371 1298 3441 εἰς
1319 3365 1357 3433 τὰ
1378 3365 1436 3433 θύ-

399 3497 490 3558 ματα.
509 3511 552 3520 -
567 3471 711 3559 Τεχνιτᾶν
734 3475 778 3547 είς
799 3469 853 3548 τὰς
874 3474 1038 3560 χυριτείας.
1078 3470 1116 3538 Οἱ
1133 3471 1206 3558 ἱεροί
1219 3467 1436 3559 προγραφόντω

397 3571 460 3640 κατ’
487 3572 621 3642 ἐνιαυτὸν
643 3573 711 3649 τούς
733 3572 1000 3662 λειτουργήσαντας
1021 3576 1054 3641 ἔν
1075 3573 1080 3661 Ι
1099 3599 1131 3640 τε
1153 3578 1219 3648 ταῖς
1241 3575 1362 3649 θυσίαις
1382 3573 1436 3639 καί

398 3679 569 3764 μυστηρίοις
603 3674 736 3764 αὐλητάς
767 3678 819 3744 καί
852 3674 1045 3765 κιθαριστάς,
1078 3670 1168 3752 ὅσους
1195 3703 1235 3744 κα
1264 3673 1437 3763 εὖρίσκωντι

397 3776 539 3854 εὐθέτους
562 3777 766 3869 ὖπάρχοντας,
796 3781 849 3848 καί
877 3784 905 3847 οἱ
932 3783 1153 3869 προγραφέντες
1174 3776 1405 3867 λειτουργούντω
1430 3784 1434 3864 Ι

397 3885 459 3957 τοῖς
481 3886 576 3958 θεοῖς.

486 3983 701 4073 Ἀδικημάτων.
739 3981 793 4054 Ἂν
818 3991 851 4054 δέ
872 4014 918 4062 τις
940 3993 971 4055 ἐν
992 3993 1060 4063 ταῖς
1082 3984 1219 4074 ἁμέραις,
1246 3990 1277 4052 έν
1294 3985 1341 4060 αἶς
1356 3985 1436 4052 αἵτε

394 4093 500 4158 θυσίαι
526 4090 579 4158 καί
605 4089 642 4158 τὰ
672 4088 820 4180 μυστήρια
847 4095 993 4178 γίνονται,
1024 4089 1090 4179 διλῷ
1119 4091 1180 4158 εἴτε
1205 4086 1352 4177 κεκλεβώς
1374 4089 1435 4156 εἴτε

396 4188 471 4260 ἄλλο
492 4220 522 4261 τι
544 4190 688 4281 ἀδίκηΙμα
709 4192 889 4281 πεποιηκώς,
916 4192 1039 4281 ἀγέσθω
1062 4194 1112 4262 ἐπὶ
1125 4191 1194 4268 τοὺς
1211 4189 1317 4280 ἱερούς,
1342 4192 1396 4258 καί
1418 4189 1434 4258 δ

395 4296 447 4382 μὲν
471 4293 640 4383 ἐλεύθερος,
667 4292 703 4364 ἂν
726 4300 914 4385 κατακριθεῖ,
942 4295 1105 4364 ἀποτινέτω
1122 4300 1254 4379 διπλοῦν,
1281 4291 1347 4361 ἰδὲ
1364 4298 1436 4361 δοῦ-

298 4407 301 4414 ’
394 4402 447 4474 λος
470 4395 683 4487 μαστιγούσθω
705 4400 757 4466 καί
781 4397 968 4468 ἀποτεισάτω
992 4403 1122 4487 διΙπλοῦν
1150 4396 1184 4465 τὸ
1211 4401 1347 4483 κλέμμα·
1377 4402 1435 4464 τῶν

396 4501 430 4568 δὲ
453 4495 553 4570 ἄλλων
578 4499 770 4590 ἀδικημάτων
795 4506 942 4591 ἐπιτίμιον
966 4501 1103 4593 δραχμὰς
1126 4501 1237 4570 εἴκοσι·
1276 4495 1312 4567 θν
1336 4500 1370 4566 δὲ
1393 4497 1434 4586 μὴ
