3270 5256
303 363 366 426 354
712 362 842 416 sedanda
860 363 888 412 et
905 362 1075 427 corrigenda.

303 565 372 635 465
410 563 478 652 Κλη
501 570 611 632 literas
633 568 772 632 nummis
788 569 960 648 impressas
974 568 1122 632 Clitorem
1138 569 1291 650 oppidum
1306 568 1484 651 significare

409 672 533 753 primus
555 671 638 735 vidit
667 690 704 732 nn
726 672 1035 752 momen-oms,
1065 672 1242 734 Denkschr.
1273 671 1355 735 kaie.
1385 669 1481 733 dcad.

411 774 585 855 phin-hist.
599 777 626 838 V
645 771 747 856 (Wien
765 774 858 854 1851)
877 793 910 855 p.
926 773 988 836 276
1005 794 1068 856 sq,
1087 773 1144 855 qui
1160 774 1240 836 tales
1255 792 1400 838 nummos
1416 774 1485 854 ipse

410 877 444 938 in
467 877 532 940 solo
555 877 681 942 Clitoris
704 877 822 939 veteris
843 877 997 958 repperit.

305 1116 411 1184 470«
445 1118 600 1180 Nummus
629 1116 753 1179 ferreus
778 1117 910 1199 originis
933 1117 1071 1180 incertae
1095 1117 1231 1199 imagine
1253 1117 1411 1179 Minervae
1434 1135 1487 1178 or-

445 1228 551 1283 natus.

782 1315 799 1403 s
807 1317 1004 1406 JHpaoettov).

306 1483 343 1544 U.
365 1481 512 1558 Rosam,
535 1477 658 1540 tritten.
682 1476 766 1540 arch.
793 1478 869 1540 lnst.
883 1477 936 1540 Vll
957 1475 1060 1559 (⁴882)
1087 1497 1122 1558 p.
1147 1474 1209 1538 377
1232 1495 1304 1558 sqq.
1352 1474 1483 1556 Litcrac,

307 1603 389 1666 quae
410 1601 429 1644 a
451 1581 563 1645 dextra
585 1579 625 1642 ad
647 1579 809 1642 sinistram
830 1588 987 1660 spectant,
1014 1579 1047 1640 in
1074 1599 1203 1642 nummo
1224 1578 1369 1659 robigine
1391 1577 1486 1642 adeso

304 1704 368 1750 non
397 1684 490 1748 facilc
524 1682 766 1763 dignoscuntur.
818 1681 953 1744 Kochler
985 1690 1092 1744 narrat
1125 1683 1165 1746 de
1197 1681 1351 1746 Salletum
1384 1685 1486 1764 primo

303 1789 371 1852 loco
399 1805 460 1848 non
494 1783 520 1844 Η
553 1783 610 1848 scd
640 1782 678 1848 31
710 1803 880 1866 agnoscere
910 1783 971 1848 sibi
1003 1784 1110 1848 visum
1141 1804 1224 1848 csse.
1277 1785 1348 1866 Ipsa
1380 1795 1483 1866 putat,
1619 1837 1620 1852 .

303 1899 341 1952 ut
366 1888 407 1952 de
435 1886 562 1949 nomine
591 1886 677 1968 quod
706 1889 748 1950 sit
776 1883 892 1972 Γελῷοι
921 1886 1113 1950 adiectivum
1143 1883 1287 1958 Γελοαῖος
1313 1888 1421 1968 (supra
1451 1907 1484 1950 n.

307 1991 393 2073 196),
418 1991 463 2053 ita
485 1987 525 2051 de
547 1989 675 2051 nominc
698 1987 784 2070 quod
806 1989 848 2052 sit
862 1982 1028 2074 ‘preqoot
1046 1989 1154 2071 (supra
1172 2008 1205 2052 n.
1223 1991 1284 2051 258
1301 2010 1374 2052 cum
1387 1989 1482 2072 Add.)

304 2094 422 2157 iactum
444 2111 514 2155 csse
537 2089 728 2154 adiectivum
744 2086 919 2177 Ἡραοαῖος.
965 2093 1075 2173 Neque
1102 2093 1186 2154 enim
1214 2093 1300 2155 hunc
1320 2112 1486 2155 nummum

304 2195 493 2260 dissimilem
520 2213 590 2257 esse
618 2195 757 2258 nummis
784 2195 943 2276 argenteis
965 2195 1104 2258 Heraeae
1132 2193 1242 2276 oppidi
1263 2193 1419 2274 Arcadici,
1446 2194 1486 2258 de

305 2297 426 2379 quibus
448 2296 550 2378 egerit
563 2297 657 2375 Weil,
677 2297 826 2359 zeitschr.
844 2297 867 2358 1.
886 2299 977 2359 Num.
992 2299 1045 2360 vlt
1060 2318 1094 2379 p.
1112 2296 1175 2358 367
1191 2317 1263 2379 sqq.
1284 2295 1353 2378 (qui
1371 2297 1487 2377 signati

305 2409 381 2464 sunt
407 2395 492 2461 tta
513 2401 567 2462 vel
590 2393 686 2462 ΕΡΑΙ
716 2399 844 2482 literis).
889 2399 1025 2462 Koehler
1052 2399 1129 2462 dicit
1156 2399 1327 2482 imaginem
1356 2418 1486 2462 nummo

305 2504 492 2585 impressam
507 2503 649 2566 ineuntis
664 2504 768 2584 quarti
784 2502 884 2566 seculi
905 2521 975 2566 esse
991 2501 1054 2564 sibi
1069 2501 1184 2583 videri,
1201 2502 1364 2566 literarum
1379 2510 1485 2564 autem

307 2605 422 2670 formos
443 2605 637 2670 vetustiores
658 2623 740 2670 csse.
