3270 5256
140 439 198 503 tao]
494 439 670 490 Monumenta
688 438 797 489 dialecti
815 436 967 488 Lesbiacae.
1260 433 1322 498 273

193 661 224 711 15
250 646 329 729 [πο]μ
351 643 404 729 μὲν
426 643 478 708 καί
500 639 700 730 Εάρνσίίλαολι
722 639 894 727 τείθνλάιιην,
919 641 979 714 τοίς
1002 639 1035 706 δὲ
1059 635 1190 728 inopie]-

251 749 323 831 [νοις
346 742 443 832 δάκηλι
466 743 589 834 ἐνάχοιίς
610 746 742 832 eppepoli
763 749 805 809 τῶ
825 742 906 831 νόμω
928 749 970 809 τῶ
992 746 1023 809 ἐν
1045 749 1084 809 τά

254 846 386 934 [cirillo
407 845 444 916 τά
471 853 520 934 [ele
543 845 731 937 άπάρχοίντα]
756 850 940 937 πέπρασίθίαι
962 840 1059 915 α’άτων
1081 844 1157 914 κατὰ

257 950 322 1038 [aldo
344 950 450 1040 νόμον·
476 954 715 1038 ἐπιστέλλίαντος]
737 952 769 1018 δὲ
788 948 981 1040 Ἀλεξάνδρα)
1002 951 1054 1017 καί
1076 947 1115 1016 ιἰ-

252 1056 308 1143 πὲρ
329 1061 385 1122 τῶν
409 1053 689 1144 άποίλίλίοδίωρείίωνγ
710 1055 761 1122 καί
782 1060 841 1122 τῶν
862 1051 1047 1142 κασιγνήτων
1069 1045 1139 1137 [odl-

195 1175 228 1224 20
254 1161 313 1242 [τίω
327 1152 481 1246 Ἕρμωνος
503 1158 555 1225 καί
574 1155 700 1247 Ἠραίω,
725 1165 791 1246 τῶμ
811 1155 952 1247 πρότερον
975 1181 1121 1246 τυραννη-

125 1309 127 1314 -
251 1257 365 1328 σάντων
388 1267 441 1336 τᾶς
462 1262 576 1346 πάλιος,
601 1262 652 1328 καί
673 1266 732 1328 τῶν
756 1258 909 1349 ἀπογόνων
933 1254 1042 1342 αι’ίτων,
1065 1261 1142 1347 [κρῆ-

251 1366 327 1450 νίνλαι
349 1363 398 1432 τὸν
422 1369 526 1451 δᾶμον,
551 1362 680 1454 πάτεροίν
704 1362 792 1450 δάκίει
813 1360 1085 1453 νατοιπορεάεσθίαι]

252 1461 353 1542 αάτοις
374 1463 394 1554 ἢ
419 1465 479 1554 μή·
502 1464 524 1551 [o
550 1469 589 1552 δ]ὲ
612 1473 705 1556 δᾶμος
728 1465 870 1542 ἀκούσαις
892 1465 945 1534 τάν
969 1462 1154 1555 διαγράφσίν]

252 1567 461 1659 διναστήίρίιίάίν
483 1597 515 1638 τε
539 1564 654 1638 σάτοισι
676 1570 824 1659 συνάγαγε
846 1569 923 1638 κατὰ
944 1568 993 1636 τὸν
1015 1566 1081 1654 [νά]-

196 1691 228 1742 25
255 1679 325 1760 [pop
347 1676 399 1740 καί
421 1671 474 1740 τάν
498 1672 669 1763 διαγράφαν
691 1679 734 1742 τῶ
757 1677 904 1763 βασιλέως
922 1669 1139 1759 Ἀλεξάνδρίωί,

257 1772 283 1860 [δ
306 1777 388 1864 ιἾγνω
410 1775 517 1864 λάίγίων
540 1780 691 1866 ῥηθέντων
713 1775 787 1866 παρ’
814 1775 991 1866 ἀμφοτέρων
1013 1771 1063 1842 τόν
1085 1800 1117 1840 τε
1139 1771 1199 1858 νίόγ-

256 1882 327 1966 [pola
349 1878 399 1947 τὸν
422 1878 499 1947 κατά
520 1885 578 1948 τῶν
600 1878 749 1970 τυράννων
772 1877 875 1969 κάριον
897 1881 1024 1967 ἔμμεναι
1045 1877 1109 1962 aql}

255 1980 385 2071 [φίεάγην
410 1977 508 2058 α’άτοις
529 1982 586 2050 κάτ
607 2034 636 2050 ..
659 2010 701 2071 μπ
816 1987 964 2072 δέδοχδαι
985 1987 1027 2047 τῶ
1051 1978 1166 2068 tepidi·

256 2082 381 2174 [aliptop
403 2087 455 2173 μὲν
478 2087 606 2173 ἔμμεναι
627 2086 704 2154 κατά
730 2089 810 2172 [τῶν]
836 2084 986 2174 τυράννων
1008 2086 1060 2152 καί
1082 2087 1154 2169 cdlv]

198 2207 231 2256 30
258 2192 311 2276 [ἐίμ
331 2186 402 2256 πάλι
423 2192 605 2276 οίκηδέντων
627 2189 678 2256 καί
698 2195 756 2256 τῶν
779 2186 932 2276 άπογάνων
955 2193 1013 2255 τῶν
1035 2185 1119 2274 τοίάί-

257 2294 331 2376 [τίων
353 2289 402 2359 τάν
424 2319 456 2359 τε
477 2289 566 2380 νόμον
589 2291 646 2380 τὸμ
667 2292 734 2380 περί
756 2296 827 2378 triciti
849 2288 998 2381 τυράννων
1020 2289 1164 2379 γεγρσίμ]-

257 2396 360 2480 [plenos
383 2399 414 2462 ἐν
436 2401 473 2462 τά
495 2393 610 2462 στάλλα
631 2400 678 2480 [τλά
698 2399 829 2482 [παλαίία
851 2394 903 2462 καί
923 2396 989 2469 ταίς
1011 2392 1139 2483 διαγρά-

257 2499 346 2585 [φ]αις
368 2503 426 2565 τῶν
452 2501 599 2587 βασιλέων
622 2500 686 2574 ταίς
708 2497 786 2565 κατά
808 2494 920 2564 τοιίτων
941 2499 994 2565 καί
1015 2496 1052 2564 τά
1075 2506 1135 2585 ψα-

258 2603 410 2688 [φίίσματοι
431 2599 469 2669 τά
490 2600 632 2692 πρότερον
655 2599 807 2691 γράφοντα
830 2599 885 2670 άπὸ
907 2606 965 2668 τῶν
987 2598 1110 2690 προγίόί-

200 2721 232 2770 35
259 2707 331 2788 [νίων
353 2704 405 2772 καί
427 2705 492 2780 ταὶς
515 2707 732 2794 ψαφοφορίῦαις
753 2705 818 2780 ταίς
840 2704 917 2772 κατά
939 2710 995 2772 τῶν
1017 2704 1185 2792 τυράννων·
1204 2705 1258 2786 [ori]

259 2809 307 2891 [δίέ
330 2811 364 2874 κέ
386 2835 429 2884 τις
450 2806 532 2896 παρά
554 2814 648 2875 ταῦτα
672 2805 831 2895 άλίσκιρται
853 2813 911 2875 τῶν
930 2804 1093 2896 τοράννωίν]

255 2914 310 2976 τῶν
334 2915 372 2998 ἐμ
392 2909 462 2978 πάλι
484 2913 665 2997 sinsterior
687 2907 707 2998 ἢ
731 2916 790 2978 τῶν
814 2908 968 2998 άπογάνων
991 2918 1046 2977 τῶν
1068 2908 1151 2994 [τού]-

258 3017 332 3098 [τίων
355 3040 399 3089 τις
420 3016 583 3103 ἐπιβαίνων
606 3011 654 3079 ἐπί
674 3012 728 3080 τάν
749 3019 804 3102 γᾶν
826 3012 880 3081 τάν
900 3012 1055 3102 Ἐρεσίων,
1088 3016 1169 3098 [κα]-

259 3115 373 3202 [litteo
397 3119 516 3204 δίάμονί,
542 3115 764 3205 βολλεάσασίλαι
785 3116 837 3182 καί
857 3144 879 3182 π
887 3167 1065 3184 .........

200 3238 233 3289 40
262 3223 379 3288 ..λλλι
400 3268 1008 3288 .............................

149 3430 273 3492 Titulus
296 3429 468 3511 inscriptus
492 3430 553 3492 luit
574 3430 679 3492 tribus
701 3429 857 3494 lateribus
879 3430 1006 3493 tabulae
1030 3448 1221 3492 marmoreae
1244 3447 1331 3491 nunc

150 3533 321 3613 diffractae,
347 3536 374 3594 B
396 3542 428 3594 et
452 3535 475 3594 G
496 3535 552 3595 uni
574 3533 666 3595 lateri
690 3534 883 3614 angustiori,
910 3532 934 3595 A
958 3542 990 3595 et
1010 3535 1038 3594 D
1061 3532 1186 3596 duobus
1208 3533 1330 3595 latiori·

149 3636 222 3699 bus.
254 3638 282 3697 B
303 3656 343 3698 ex
365 3636 543 3718 apographo
558 3636 698 3716 Kieperti
722 3636 865 3698 ediderat
879 3637 1000 3697 Boncrn
1017 3638 1091 3700 GlG.
1110 3635 1285 3699 nodatos
1298 3633 1327 3696 b.

150 3742 261 3802 Totum
290 3740 421 3802 titulum
451 3738 620 3819 descripsit
650 3749 682 3800 et
705 3739 744 3800 ab
767 3740 804 3798 H.
824 3739 964 3819 Sauppio
987 3741 1097 3803 multis
1119 3740 1198 3802 locis
1221 3758 1331 3802 emen-

151 3843 259 3906 datum
289 3841 397 3906 addita
426 3841 535 3904 tabula
565 3840 760 3922 lithographa
791 3840 892 3904 edidit
921 3842 1038 3922 Coazn,
1070 3845 1160 3906 Reise
1191 3843 1247 3906 aui
1274 3841 1332 3905 der

151 3946 234 4007 Insel
256 3945 384 4025 Lesbos,
413 3945 505 4023 taos,
531 3965 563 4024 p.
586 3945 627 4004 35
644 3963 716 4024 sqq.
741 3953 773 4006 et
794 3943 859 4006 tab.
880 3945 931 4006 42.
976 3945 1121 4009 Eundem
1149 3944 1278 4026 repetiit
1300 3953 1332 4006 et

151 4049 309 4128 copiosius
330 4047 503 4110 illustravit
526 4049 656 4125 Sauras,
689 4045 914 4109 commentatio
937 4047 976 4110 de
1000 4048 1126 4112 duabus
1149 4047 1332 4129 inscriptio-

6 4199 17 4226 ,.
151 4151 248 4214 nibus
270 4151 445 4230 Lesbiacis,
481 4151 647 4232 Gottingae
671 4148 765 4211 isit.
811 4151 922 4212 Denuo
952 4150 1050 4214 edidit
1071 4154 1220 4227 Bacurius,
1253 4151 1328 4212 Bab.

150 4256 256 4316 Btr.V
278 4274 311 4335 p.
332 4255 391 4315 ⁴38
409 4273 480 4334 sqq.
506 4273 539 4314 n.
562 4255 614 4315 id.
652 4255 777 4314 Justum
801 4252 943 4314 ordinem
967 4254 1213 4335 fragmentorum
1236 4255 1331 4315 resti-

152 4358 212 4419 tuit
233 4358 417 4435 Kracunorr,
451 4376 490 4418 ax
513 4357 604 4419 cuius
627 4355 811 4419 recensione
834 4356 885 4418 hic
907 4357 1019 4418 titulus
1042 4356 1148 4419 editus
1171 4365 1219 4419 est
1245 4354 1330 4437 apud

151 4461 364 4540 Droysenum‚
398 4459 583 4521 Geschichte
614 4459 670 4522 der
692 4459 891 4537 Diadoohen‚
924 4459 949 4519 ll
973 4456 1077 4540 (⁴878)
1111 4479 1142 4539 p.
1170 4460 1230 4520 363
1255 4478 1327 4540 sqq.

152 4561 396 4624 Emendationes
423 4562 601 4643 complures
633 4562 768 4623 feliciter
790 4561 912 4624 invenit
935 4563 1029 4632 Wann
1052 4562 1084 4623 in
1109 4561 1330 4625 dissertatione

219 4680 308 4728 denar.
324 4679 428 4720 Delcatna
443 4679 544 4729 inrcript.
557 4677 645 4720 (irasc.²
1094 4680 1125 4732 18
