3270 5256
315 373 378 436 352
722 371 852 423 Addenda
870 375 897 423 et
914 373 1085 436 corrigenda.

421 579 640 660 neglegentiae
655 578 866 659 lapicidarum
881 579 990 659 tribui,
1010 580 1043 640 in
1059 599 1096 642 ea
1112 581 1270 641 sententia
1285 589 1375 642 aucto
1392 571 1505 642 exem-

422 683 547 764 plorum
576 699 709 743 numero
737 700 771 743 se
799 699 862 743 non
892 683 1090 761 permanisse
1127 683 1197 762 ipse
1227 702 1278 745 me
1305 701 1364 763 per
1392 683 1504 744 literas

421 785 554 847 monuit.

316 1039 384 1108 258
424 1045 552 1122 Vereor,
571 1053 607 1104 ut
622 1052 707 1104 recte
722 1043 888 1105 Iloehlium
912 1053 1042 1106 secutus
1064 1063 1096 1104 v.
1118 1045 1129 1104 l
1151 1063 1201 1124 sq.
1220 1037 1398 1127 Edlfcolotc
1420 1043 1503 1105 scri-

421 1143 540 1228 pserim
563 1165 620 1226 pro
643 1165 691 1225 co,
718 1144 803 1227 quod
833 1145 971 1208 habebat
993 1146 1125 1226 Boeclrh,
1149 1139 1346 1232 'Eplfoolctc
1393 1147 1439 1210 Cf.
1465 1165 1500 1208 n.

417 1246 483 1310 tio
501 1272 533 1311 α.

316 1501 394 1571 267.
411 1501 478 1572 268
507 1506 640 1568 Decreta
663 1515 738 1569 sunt
761 1505 898 1568 civitatis
921 1525 983 1568 non
1000 1507 1184 1568 Olcniorum
1207 1506 1264 1569 sed
1279 1507 1499 1588 Dymaeorum,

424 1610 476 1671 cui
505 1611 562 1672 hos
591 1610 701 1672 titulos
723 1618 809 1671 recte
838 1608 985 1672 attribuit
1006 1609 1092 1672 Fick.
1138 1611 1222 1672 Nam.
1239 1629 1275 1674 ea
1300 1619 1410 1690 aetate,
1438 1631 1504 1692 qua

422 1710 534 1774 foedus
555 1710 751 1775 Achaeorum
775 1710 937 1773 conditum
960 1721 1009 1774 est
1034 1713 1073 1794 (a.
1103 1714 1163 1774 280
1196 1732 1224 1774 a.
1250 1711 1351 1796 chr),
1378 1715 1500 1776 Olenus

421 1813 575 1896 oppidum
596 1813 658 1876 iam
681 1814 843 1878 desertum
865 1823 943 1891 erat,
969 1815 1035 1895 agri
1059 1815 1244 1878 Oleniorum
1266 1813 1300 1877 in
1322 1818 1502 1896 possessio-

420 1937 493 1979 nem
518 1918 730 1997 Dymaeorum
760 1926 938 1994 cesserant;
970 1918 1010 1978 cl.
1037 1917 1145 1999 Polyb.
1171 1918 1197 1979 lI
1221 1919 1273 1979 ll.
1310 1919 1414 1981 Strab.
1433 1921 1501 1981 VIII

419 2040 452 2101 p.
477 2020 552 2081 386.

314 2273 381 2342 274
419 2279 454 2338 In
477 2277 678 2340 adnotatione
694 2276 735 2340 ad
757 2297 788 2339 r.
807 2279 826 2338 4
851 2278 907 2358 qui
923 2275 1073 2339 laudatur
1088 2279 1201 2340 titulus
1217 2281 1337 2359 Tegeae
1352 2288 1499 2359 repertus

420 2382 461 2442 Le
483 2382 553 2456 llas,
578 2381 654 2460 Voy.
677 2379 763 2440 arch.
786 2381 812 2440 II
833 2398 866 2440 n.
885 2381 984 2442 3lllo
1010 2389 1059 2443 est
1081 2381 1114 2441 in
1136 2381 1195 2443 hoe
1217 2381 1343 2445 delectu
1366 2401 1398 2443 n.
1422 2382 1494 2442 III.

419 2485 501 2546 Eum
522 2483 583 2546 sub
604 2483 816 2546 dominatione
834 2480 1031 2546 Achaeorum
1051 2483 1205 2564 scriptum
1227 2502 1299 2546 esse
1322 2503 1419 2564 supra
1435 2503 1498 2545 non

420 2597 504 2649 recte
528 2586 709 2666 suspicatus
732 2605 815 2648 sum.

313 2857 381 2927 289
419 2858 566 2925 Addendi
596 2869 671 2923 sunt
699 2860 785 2922 tituli
819 2859 1028 2940 sepulcrales,
1067 2881 1147 2942 quos
1180 2860 1282 2924 edidit
1314 2863 1496 2942 Larisonnw,

420 2965 543 3027 Mitteil.
562 2963 647 3025 arch.
665 2964 743 3025 Inst.
757 2965 811 3026 Vll
831 2961 936 3046 (4882)
954 2983 987 3045 p.
1007 2965 1084 3025 360:

420 3137 438 3197 8
459 3128 523 3198 Ἐπ’
548 3129 675 3219 Ἀγεσίδι
696 3136 750 3196 vel
770 3129 933 3219 slApccldt.
957 3170 1001 3182 —
1023 3135 1045 3198 l.
1065 3137 1086 3196 l.
1105 3155 1136 3197 n.
1158 3137 1208 3197 l3.
1234 3136 1337 3198 Litera
1360 3146 1498 3200 correcta

518 3248 567 3301 est
589 3235 632 3301 Δ.

420 3393 438 3450 9
462 3387 617 3474 Θιαγένια.
642 3426 685 3436 -
707 3392 729 3453 l.
749 3393 771 3452 l.
789 3409 822 3453 n.
843 3390 894 3452 ll.

400 3563 437 3622 to
463 3555 669 3647 Πολυκράτης.
695 3597 738 3608 -
760 3563 783 3623 l.
801 3564 823 3624 Ι.
842 3581 874 3624 n.
895 3564 945 3623 ⁴5.
982 3564 1158 3626 literatura
1181 3573 1230 3625 est
1253 3571 1379 3625 vetusta
1400 3565 1499 3624 Boeo-

517 3675 631 3745 torum,
657 3664 752 3728 sede
779 3667 873 3746 longa
903 3685 962 3746 per
992 3661 1018 3725 Η
1047 3667 1175 3746 scripta.
1222 3665 1299 3729 Inde
1328 3685 1403 3727 cave
1432 3665 1498 3726 col-

516 3768 597 3849 ligas
627 3768 722 3831 huius
752 3767 870 3830 vocalis
901 3787 1014 3831 sonum
1042 3766 1127 3849 apud
1150 3770 1280 3830 Boeotos
1307 3769 1402 3849 paulo
1424 3777 1499 3829 ante

516 3881 676 3952 receptam
691 3871 888 3934 literaturam
905 3871 1041 3933 lonicam
1057 3890 1118 3933 non
1135 3873 1164 3933 ei
1177 3871 1277 3935 luisse
1293 3867 1350 3932 sed
1367 3876 1397 3950 5²3
1425 3889 1498 3932 nam

517 3974 644 4036 obstant
666 3973 846 4055 complures
868 3974 954 4036 tituli
977 3973 1148 4054 ampliores
1168 3972 1211 4056 (n.
1233 3974 1308 4034 350.
1326 3973 1401 4034 353.
1420 3971 1492 4054 29⁴)

517 4096 554 4140 ea
581 4086 684 4140 aetate
713 4077 840 4157 scripti,
867 4096 930 4158 qua
958 4095 1038 4139 usus
1060 4076 1225 4138 literarum
1248 4076 1423 4138 Ionicarum
1446 4077 1499 4136 in-

517 4178 754 4254 crebrescebat,
787 4177 821 4238 in
851 4179 971 4259 quibus
998 4198 1013 4239 c
1040 4179 1134 4260 longa
1161 4189 1216 4242 aut
1240 4174 1262 4237 Ε
1288 4187 1336 4241 est
1365 4188 1421 4241 aut
1443 4173 1495 4241 ΕΙ.

518 4281 692 4344 Latischew
726 4291 817 4362 putat
850 4282 1044 4362 Polycratem
1081 4282 1203 4362 origiue
1238 4283 1344 4343 Ionem
1378 4281 1493 4359 luisse,

517 4394 601 4446 certe
624 4403 687 4446 non
710 4387 843 4446 Boeotus
867 4385 966 4447 luisse
988 4383 1127 4447 videtur.
