3288 5260
551 1685 936 1781 PROOEMIUM.

238 2025 443 2142 Cognitionis
472 2057 679 2122 dialectorum
709 2057 846 2120 Graecae
877 2056 1005 2139 linguae
1035 2057 1181 2122 subsidia
1210 2059 1339 2141 epigra-

149 2181 242 2262 pbiea
265 2187 435 2261 postquam
458 2179 612 2241 antehae
634 2195 692 2240 sax
714 2195 814 2240 anuos
837 2177 970 2259 Georgia
991 2177 1099 2240 Curtio
1122 2187 1249 2241 auctore
1272 2179 1339 2242 col-

149 2298 280 2381 ligenda
309 2299 451 2379 suscepi,
478 2316 541 2361 non
572 2299 675 2361 solum
698 2297 838 2360 virorum
866 2296 1028 2360 doctorum
1052 2296 1108 2360 sed
1132 2298 1227 2360 etiam
1250 2317 1339 2361 eum-

149 2437 273 2481 morum
296 2419 539 2500 magistratuum
559 2438 631 2482 cum
648 2416 838 2480 Graecorum
861 2425 929 2479 tum
952 2425 1133 2480 exterorum
1156 2436 1251 2499 opera
1274 2427 1340 2480 tam

149 2537 288 2602 feliciter
316 2549 407 2603 aucta
437 2547 528 2618 sunt,
563 2547 599 2601 ut
634 2538 720 2600 huno
749 2535 923 2618 delectum,
951 2555 1023 2598 cum
1054 2537 1169 2600 iterum
1193 2536 1339 2602 edendus

150 2667 246 2740 esset,
271 2660 348 2722 novi
371 2658 472 2722 instar
493 2657 569 2721 libri
590 2659 760 2721 instituere
783 2675 913 2720 necesse
936 2655 1045 2720 fuerit.
1087 2657 1133 2718 Ne
1156 2675 1241 2720 nunc
1263 2659 1339 2739 qui-

150 2778 223 2841 dem
246 2777 281 2842 id
303 2777 379 2840 mibi
401 2779 563 2859 proposui,
590 2785 627 2841 ut
653 2796 763 2841 omues
790 2777 901 2840 titulos
925 2793 1139 2857 congererem,
1166 2777 1286 2858 quibus
1308 2778 1338 2840 ei

152 2896 308 2961 utendum
330 2899 401 2978 erit,
428 2898 484 2980 qui
508 2897 700 2980 inquirendo
723 2897 756 2958 in
779 2895 941 2959 historiam
957 2897 1113 2959 sermonis
1128 2897 1240 2960 Graeci
1262 2899 1337 2960 novi

152 3017 276 3100 aliquid
305 3017 447 3099 reperire
478 3018 602 3100 cupiet,
627 3016 684 3081 sed
714 3025 750 3080 ut
779 3017 930 3098 eligerem
960 3016 1086 3096 titulos,
1122 3017 1179 3098 qui
1203 3017 1338 3079 maximo

151 3139 225 3200 usui
249 3157 321 3202 esse
335 3136 524 3200 viderentur
538 3136 807 3217 adolescentibus,
826 3137 882 3218 qui
898 3135 1041 3199 notitiam
1056 3135 1184 3217 linguae
1201 3137 1338 3202 Graecae

151 3258 257 3337 talem,
282 3258 389 3338 qualis
412 3239 498 3320 nunc
527 3266 623 3337 esset,
654 3255 803 3321 traditam
825 3255 968 3338 accipere
991 3256 1123 3318 vellent.
1170 3255 1252 3320 Fieri
1275 3276 1338 3320 nou

152 3377 269 3459 potuit,
310 3379 390 3459 quin
421 3377 665 3459 inscriptionum
702 3376 1013 3458 antiquissimarum,
1046 3395 1127 3458 quas
1158 3377 1338 3440 llrruarnus

151 3499 269 3572 bosun,
286 3516 393 3578 nuper
421 3496 539 3576 edidit,
566 3496 665 3561 maior
687 3515 761 3578 pars
791 3496 887 3560 etiam
909 3496 942 3558 in
964 3497 1051 3558 bunc
1073 3496 1192 3560 librum
1213 3497 1339 3578 recipe-

151 3627 256 3695 retur3
287 3619 320 3679 in
351 3637 414 3699 quo
444 3634 495 3680 me
526 3617 595 3680 sine
624 3616 736 3680 fraude
759 3617 862 3698 egisse
886 3635 979 3696 spero
1002 3617 1129 3698 agnosci
1152 3635 1257 3698 posse.
1304 3616 1338 3680 Si

152 3737 206 3818 qui
238 3738 355 3801 titulus
384 3737 527 3819 alioquin
558 3737 706 3818 mutilus,
738 3745 770 3800 et
799 3736 856 3817 qui
884 3736 970 3816 typis
1000 3736 1138 3818 exprimi
1160 3755 1223 3800 nou
1245 3737 1337 3801 facile

151 3864 274 3938 posset,
301 3875 365 3919 nno
397 3857 450 3920 vel
481 3857 607 3921 duobus
630 3857 708 3920 locis
736 3857 867 3919 iormam
891 3828 1067 3919 memoratu
1088 3855 1217 3939 dignam
1240 3877 1338 3939 prae-

150 3976 257 4056 bebat,
283 3996 354 4040 eam
376 3995 434 4040 suo
456 3977 523 4039 loeo
546 3977 578 4039 in
602 3975 859 4040 adnotationibus
882 3976 995 4040 afferre
1017 3996 1113 4058 quam
1136 3985 1236 4040 totum
1258 3977 1339 4041 titu-

151 4097 216 4159 lum
238 4106 385 4178 repetere
409 4097 507 4160 malui
534 4095 572 4179 (e.
592 4116 622 4178 g.
641 4095 682 4160 ad
704 4115 736 4158 n.
760 4096 812 4175 54,
833 4098 865 4158 4.
886 4097 956 4178 444,
979 4095 1022 4179 4),
1069 4097 1132 4160 Cur
1153 4095 1272 4160 Atticos
1295 4099 1339 4160 ti-

151 4217 235 4278 tulos
265 4216 446 4298 omiserim,
473 4215 540 4279 diri
571 4237 603 4297 p.
628 4216 702 4278 3⁴5.
750 4217 813 4278 lloe
834 4214 935 4296 doleo,
962 4215 1047 4298 quod
1069 4214 1231 4279 doctrinae
1255 4237 1338 4299 quae

152 4345 283 4398 vocatur
303 4335 545 4400 numismaticae
573 4355 686 4417 parum
715 4354 812 4417 gnaro
839 4337 916 4398 mibi
938 4355 1002 4399 non
1025 4336 1167 4418 contigit,
1193 4346 1230 4400 ut
1252 4357 1338 4400 com-

150 4455 252 4536 moda,
279 4475 363 4536 quoe
386 4455 461 4519 inde
485 4457 555 4536 capi
578 4463 734 4536 poterant,
760 4456 864 4518 omnia
887 4456 920 4516 in
943 4457 1039 4519 huius
1061 4455 1136 4518 libri
1152 4475 1246 4520 usum
1261 4477 1339 4520 eon-

151 4583 321 4638 verterem.
