3270 5256
499 1646 687 1729 Audendo
713 1647 754 1729 ot
781 1645 1018 1749 oorrigauda.

169 2006 214 2073 lo
256 2011 347 2072 Hunc
369 2009 498 2072 titulum
520 2029 584 2072 non
600 2009 787 2072 Laoouioum
810 2029 880 2074 esse
904 2010 998 2072 certis
1021 2009 1218 2091 argumentis
1240 2010 1355 2070 oonfir-

254 2113 333 2175 mari
348 2132 442 2194 posse
454 2121 546 2194 putat
562 2115 698 2194 Prscmu,
711 2113 786 2174 sz.
797 2115 861 2175 Btr.
873 2115 926 2177 vn
942 2109 1046 2194 (4883)
1066 2131 1097 2192 p.
1109 2112 1171 2172 335
1184 2131 1233 2194 sq.
1248 2136 1254 2188 ;
1281 2132 1354 2175 nam

253 2213 314 2279 ΑΞ
337 2217 371 2276 in
394 2210 501 2277 ΗΙΤΟ
524 2215 625 2278 literis
648 2216 746 2279 latere
763 2209 845 2300 <uip3
871 2236 945 2297 ergo
960 2215 1089 2277 titulum
1105 2215 1258 2295 seriptum
1282 2235 1353 2279 esso

253 2337 291 2381 aa
306 2326 419 2397 aetate,
438 2339 536 2402 quaq
558 2315 661 2401 perii
688 2319 784 2380 scribi
807 2320 870 2381 iam
893 2327 1038 2399 coeptum
1061 2326 1161 2396 esset3
1188 2338 1223 2380 aa
1247 2327 1354 2381 autem

254 2430 354 2484 aetate
377 2420 640 2484 Lacedaemonios
662 2444 679 2482 σ
695 2421 778 2484 inter
794 2421 920 2484 vocales
939 2419 1079 2503 positum
1095 2439 1158 2482 uon
1174 2421 1353 2484 servavisse

253 2524 311 2587 sed
332 2524 395 2586 iam
417 2531 509 2586 antea
531 2525 565 2585 in
588 2522 736 2605 spiritum
759 2542 907 2606 asperum
930 2524 1115 2586 mutavisse.
1137 2523 1269 2585 -Noli
1295 2523 1354 2586 hae

251 2626 491 2690 ratiooinatione
512 2625 647 2688 nimium
670 2626 843 2703 oonfidar03
869 2646 942 2690 nam
962 2621 1075 2688 ΗΙΤΟ
1095 2626 1222 2688 turbato
1241 2625 1352 2689 ordino

252 2729 418 2793 literarum
440 2749 497 2810 pro
520 2721 583 2814 ζώῃ
607 2727 760 2810 seriptum
783 2748 854 2792 esse
876 2728 1006 2791 minimo
1029 2738 1162 2792 oonstat.
1205 2731 1352 2793 Ceterum

253 2833 349 2895 etiam
379 2831 487 2910 iioehl,
514 2833 610 2913 imag.
631 2833 730 2895 lusor.
749 2833 803 2896 Gr.
821 2833 922 2913 antiq.
945 2831 1050 2915 (4888)
1070 2833 1193 2912 XXXII,
1213 2834 1242 2912 t,
1268 2833 1353 2897 huno

252 2936 381 2998 titulum
404 2936 487 2998 inter
509 2935 620 2997 titulos
642 2935 835 2998 inoertorum
858 2936 998 2998 looorum
1020 2935 1139 3016 posuit.

166 3205 210 3274 34
253 3229 301 3272 vs.
329 3211 347 3269 5
378 3203 502 3295 νεικάαρ
531 3205 575 3272 κε’
599 3210 716 3293 (λ)α6αν
746 3211 874 3292 scripsit
900 3213 1048 3292 Bruuius,
1071 3212 1183 3273 Rhoin.
1206 3214 1286 3274 Mus.
1310 3213 1351 3273 38

252 3311 356 3396 (4883)
382 3334 416 3395 p.
442 3315 515 3392 296,
542 3323 579 3376 ut
601 3313 810 3395 significarat:
842 3322 1034 3397 »postquam
1056 3315 1156 3378 vioies
1179 3314 1353 3396 quinquies

252 3415 340 3478 disoo
363 3415 468 3494 vicit«,
494 3417 551 3477 vix
572 3425 669 3480 reote.
715 3417 763 3480 Gi.
789 3417 872 3482 inira
895 3417 935 3480 ad
957 3437 990 3480 n.
1012 3416 1065 3478 37.

164 3669 209 3738 36
249 3694 299 3736 vs.
327 3675 364 3735 tt
388 3667 608 3759 κασσηρατόριν
631 3693 688 3757 per
710 3668 982 3759 καταθηρατόριον,
1008 3677 1086 3740 »das
1108 3674 1348 3756 Niedorjagenq

251 3778 337 3858 quod
360 3797 461 3860 genus
483 3778 665 3840 certaminis
688 3796 757 3840 esso
773 3787 875 3858 putat,
900 3778 1060 3858 explicare
1078 3780 1185 3843 studet
1199 3780 1348 3857 Bruuius,

249 3880 360 3944 Rheiu.
386 3883 465 3944 iius.
491 3881 531 3941 38
561 3877 664 3962 (4883)
690 3901 723 3962 p.
750 3881 831 3956 2953
863 3902 913 3942 -ιν
942 3881 1197 3944 terminationem
1220 3901 1261 3942 ex
1283 3904 1351 3944 -ιον

252 3982 367 4046 iactam
397 3982 529 4065 eogitari
558 4002 652 4063 posse
681 3991 812 4064 propter
840 3984 986 4066 exempla
1008 3983 1134 4062 similia,
1161 4004 1244 4065 quae
1268 3987 1348 4048 sint:

252 4081 297 4149 clv
321 4084 420 4170 φέρων
443 4106 476 4150 n.
495 4087 547 4165 33,
575 4087 609 4147 64
638 4094 670 4147 et
692 4088 824 4148 Fouoart
846 4087 932 4168 apud
954 4089 995 4150 Lo
1017 4089 1086 4167 Bas,
1111 4089 1189 4169 Voy.
1214 4085 1299 4149 aroh.
1325 4088 1351 4147 il

250 4206 283 4249 n.
305 4189 362 4249 163
388 4209 414 4269 o,
439 4189 496 4262 553
522 4181 647 4274 ὀψοποΐς
670 4208 726 4270 pro
751 4181 893 4272 ὀψοποιός
915 4193 1047 4253 Fouoart
1073 4189 1159 4272 apud
1181 4192 1222 4251 Le
1243 4192 1303 4252 Bas
1326 4191 1348 4250 l.

250 4293 286 4372 l.,
304 4312 337 4353 v.
358 4294 409 4355 66.
449 4293 488 4354 Et
510 4292 569 4354 hoo
591 4292 722 4374 quidem
743 4300 830 4356 roota
852 4292 1041 4374 disputavit.
1081 4293 1351 4356 Terminationum

250 4417 306 4474 -ις,
333 4417 383 4458 -ιν
407 4415 447 4458 ex
468 4417 547 4476 -ιος,
573 4417 639 4458 -ιον
667 4396 821 4458 iaotarum
849 4398 942 4477 plura
974 4397 1120 4477 exempla
1150 4394 1286 4456 maxime
1311 4415 1352 4457 ex

250 4497 435 4561 nominibus
450 4499 589 4580 propriis
605 4500 803 4580 collegerunt
820 4500 980 4577 Benseler,
996 4497 1088 4561 stud.
1101 4499 1140 4559 lli
1152 4517 1185 4578 p.
1203 4499 1262 4559 469
1276 4517 1348 4579 sqq.
