3294 5258
336 393 376 454 68
800 392 881 443 Tituli
899 393 1046 444 Cretenses.
1412 395 1431 460 [t
1440 400 1469 444 ⁴2
1480 421 1514 430 -

341 479 1513 496 -——-—----—-··---—-—-—-——-—-—--—---v-——-

421 598 606 660 Columnar'n
628 600 655 658 B
675 595 777 660 Attice
799 597 843 660 ita
865 599 931 661 iere
954 599 1156 680 transcripsit
1176 601 1282 662 Blass:

442 711 518 788 Τοὺς
540 712 759 802 προσήκοντας,
792 712 843 782 ἐάν
872 741 916 789 τις
938 711 1098 782 ἀποθανών
1125 718 1278 804 θυγατέρα
1299 721 1470 804 πατροῦχον

441 818 610 906 καίταλίπῃ,
635 813 655 904 ἢ
678 814 784 892 αὐτοὺς
806 822 861 884 τῶν
881 814 1044 906 χρημάτων
1066 813 1297 905 ἐπιμέλεσθαιῆ
1314 822 1376 893 τοῖς
1397 816 1471 906 πρὸς

403 939 418 986 5
442 918 551 1008 μητρὸς
573 925 610 1008 τῇ
632 921 718 986 παιδί
739 918 948 1010 προσήίίκουσιν
979 917 1150 988 ὖποθεῖναι·
1181 926 1208 988 εί
1231 919 1259 988 δ’
1285 915 1368 1009 ἄλλῳ
1391 917 1472 986 ἀπό-

441 1027 537 1088 δοιντο
559 1018 578 1110 ἢ
603 1021 752 1106 ὑποθεῖεν,
780 1022 819 1110 μή
843 1027 947 1112 κυρίαν
970 1023 1049 1090 εἶναι
1067 1022 1120 1111 τὴν
1140 1025 1144 1112 ί
1164 1023 1241 1112 ὠνὴν
1257 1025 1308 1091 καί
1323 1022 1376 1110 τὴν
1393 1019 1472 1090 ὓπο-

402 1144 417 1192 9
441 1122 555 1211 θήκην·
581 1126 632 1191 καί
655 1129 681 1191 εί
704 1120 794 1201 ἄλλος
815 1124 935 1216 πρίαιτό
957 1153 1001 1202 τις
1023 1125 1161 1214 κτήματα
1183 1125 1202 1214 ἢ
1220 1131 1232 1212 ΙΙ
1249 1125 1389 1194 ὑπόθοιτο
1412 1131 1470 1192 τῶν

440 1233 494 1314 τῆς
516 1225 698 1317 πατρούχου,
725 1228 761 1295 τὰ
785 1231 837 1316 μὲν
860 1228 997 1317 κτήματα
1017 1231 1066 1297 ἐπί
1080 1235 1117 1318 τῇ
1131 1227 1296 1318 πατροόχῳ
1315 1231 1320 1317 Ι
1340 1229 1428 1313 εἶναι,
1456 1226 1471 1294 ὃ
1560 1313 1567 1328 ι

389 1348 420 1398 19
443 1329 470 1397 δ’
497 1328 679 1418 ἀποδόμενος
701 1327 720 1419 ἢ
744 1329 865 1408 troisi<
894 1338 937 1422 τῷ
965 1337 1121 1423 πριαμένῳ
1142 1329 1164 1422 ἢ
1187 1330 1386 1421 ὑποθῆίμένιρ,
1420 1330 1473 1399 ἐὰν

440 1431 573 1522 ἡττηθῇ,
611 1440 700 1523 διπλῇ
730 1433 894 1522 ἀποτείσει,
931 1437 983 1503 καί
1016 1433 1068 1504 ἐάν
1102 1462 1130 1502 τι
1163 1430 1236 1503 ἄλλο
1267 1433 1383 1524 βλάψῃ,
1408 1437 1413 1524 ί
1439 1433 1472 1501 τὸ

442 1533 553 1604 ἃπλοῦν
575 1543 816 1627 πρυοαποτείσει.

420 1663 447 1721 Β
471 1662 508 1722 44
533 1654 643 1747 ἀτάσρι
669 1663 798 1744 agnovit
819 1664 918 1742 Blass,
944 1663 995 1724 eui
1019 1664 1192 1726 assentitur
1214 1663 1310 1723 Roehl
1333 1663 1367 1723 iu
1386 1660 1518 1725 Addeu-
1630 1741 1631 1756 ρ

336 1765 396 1844 dis,
422 1764 555 1826 laudans
579 1759 684 1828 ἀτασεῖ
706 1763 783 1828 IGA.
802 1763 854 1829 72.
871 1800 914 1810 -
931 1766 1115 1836 06πυλᾶςτ
1141 1768 1163 1828 ἰ.
1182 1787 1211 1828 e.
1230 1766 1326 1851 φυλῆς
1341 1765 1454 1828 Attice.
1473 1801 1517 1810 -

336 1869 367 1928 9.
387 1868 442 1929 43;
468 1869 665 1931 coniecturas
687 1886 800 1948 parum
822 1868 1006 1948 prohabiles
1021 1869 1141 1932 Roehlii
1158 1877 1191 1932 et
1204 1869 1317 1930 Blassii
1334 1867 1407 1930 vide
1430 1868 1517 1950 apud

337 1989 434 2051 1ps0s.

335 2127 488 2135 *μα-

336 2224 403 2294 113
430 2228 482 2310 [²
497 2227 548 2308 37]
589 2229 708 2291 Tabula
729 2249 903 2292 marmorea
925 2249 1025 2311 prope
1047 2231 1219 2311 Gortynam
1240 2237 1378 2310 reperta.

352 2500 396 2550 ta
438 2485 460 2567 [.
475 2535 481 2549 .
496 2535 503 2548 .
517 2480 571 2567 τλὸν
602 2476 764 2567 ἅνταντον,
797 2484 849 2550 καί
872 2484 922 2570 pte]
951 2479 1123 2570 ἐίποίνανκον
1156 2475 1227 2569 ἔμεν
1260 2486 1361 2549 τέλλεν
1393 2481 1438 2567 [τὰ
1470 2487 1518 2568 τ]-

349 2605 395 2653 3.4
438 2588 461 2669 [ὃ
475 2582 681 2672 ἀνμταναμένο,
700 2585 751 2652 καί
766 2583 803 2652 τὰ
814 2589 958 2675 κρέμαίτα
969 2589 1147 2671 ναιλιίθλθαι
1163 2585 1217 2671 αίῖ)
1229 2588 1258 2650 τί
1269 2613 1309 2652 κα
1320 2589 1517 2670 καταίλίπεῗί-

348 2707 395 2756 56
437 2691 457 2773 [ι
473 2686 525 2774 ((λο
542 2686 762 2776 ἀν]πανοίμενος·
779 2693 863 2755 πλιυι
878 2689 911 2754 δὲ
926 2687 974 2755 τὸν
989 2693 992 2774 1
1007 2683 1159 2776 ὂίνπαντομ
1174 2690 1210 2775 μὲ
1226 2693 1373 2778 ἐπικορέν.
1403 2689 1452 2774 [Αἰ
1468 2690 1514 2772 δὲ]

349 2811 395 2858 78
438 2790 599 2877 ίάπο]9οίνοι
615 2790 664 2878 ((λο
680 2789 824 2866 ἅνπαντος
838 2795 942 2879 γνέσια
952 2793 956 2880 ί
967 2796 1055 2859 τέκνα
1069 2794 1105 2879 μὲ
1118 2790 1291 2877 καταλιπόν,
1309 2790 1369 2882 πὰρ
1385 2790 1456 2877 τὸίνς
1471 2796 1518 2878 τ]-

349 2913 413 2962 9.10
439 2898 463 2978 [ὃ
486 2891 681 2982 ἀνπίαναμένο
704 2892 943 2983 ἐπιβαλλόντανίς
962 2893 1085 2985 ἀνκορέν
1101 2893 1138 2962 τὰ
1152 2898 1299 2984 κρίματα.
1339 2896 1379 2960 Αἰ
1395 2896 1434 2980 δίὲ
1450 2898 1518 2982 δέ]-

337 3015 416 3064 iili
441 3001 505 3082 [λοι]
521 2995 574 3083 (‘)o
590 2995 818 3085 ἀνπανοίμείνίος,
838 2995 1061 3085 ἀποίειπΙοίθθο
1074 2995 1136 3065 κατ’
1151 2995 1261 3086 ἀγορὰν
1275 2995 1333 3064 ἀπὸ
1344 3003 1377 3063 ri>
1389 2999 1513 3084 λᾶίίοςί,

338 3117 417 3168 1344
441 3098 495 3185 [ἀπ’
517 3097 571 3186 (ti
592 3098 780 3190 ἀίγορειίοντι,
806 3101 1043 3188 καταίελμένίον
1065 3107 1115 3170 τῖον
1136 3105 1297 3168 πολιατᾶν·
1323 3097 1473 3188 ἀνθέμίεν.
1488 3108 1515 3186 ‚I

336 3221 416 3270 15.16
441 3206 462 3287 [.
477 3257 484 3270 .
499 3255 505 3268 .
520 3208 701 3294 .σ]τατέρανς
724 3209 758 3293 ἐγ
781 3204 986 3294 δίιμαστίίερίο]
1007 3255 1511 3274 ........................

334 3459 473 3546 raison,
506 3468 583 3529 Rev.
608 3465 693 3528 aruh.
723 3486 757 3527 n.
782 3486 810 3528 s.
834 3467 900 3528 VIII
929 3463 1032 3548 (4863)
1064 3486 1096 3547 p.
1124 3466 1179 3527 444
1204 3485 1280 3547 sqq.
1307 3467 1514 3547 'Vourrzsea

335 3566 442 3629 Jahrb.
474 3568 583 3633 Philol.
609 3569 701 3632 Paed.
728 3571 767 3629 99
802 3567 906 3652 (4869)
939 3588 972 3649 p.
999 3569 1060 3629 666
1084 3589 1154 3651 sqq.
1214 3570 1399 3631 Sarsusrraa
1432 3567 1515 3630 ibid.

335 3691 368 3750 p.
395 3669 455 3731 679
479 3691 551 3753 sqq.
605 3665 719 3751 Baiias,
752 3674 830 3734 Rev.
862 3670 947 3732 aruh.
978 3691 1011 3732 n.
1038 3691 1064 3734 s.
1090 3673 1130 3732 36
1158 3669 1260 3754 (4878)
1295 3691 1328 3751 p;
1353 3672 1415 3732 346
1439 3691 1516 3752 sqq.

334 3776 435 3836 Iiusru
458 3773 534 3837 IGA.
554 3773 627 3836 476.
652 3811 694 3821 -
717 3776 791 3836 Pars
813 3782 863 3837 est
885 3773 1029 3836 eiusdem
1052 3775 1133 3856 legis
1156 3775 1247 3836 euius
1270 3794 1303 3836 n.
1324 3775 1383 3837 442
1406 3783 1438 3835 et
1460 3794 1519 3836 ea-

334 3877 405 3938 dem
435 3879 555 3939 ratione
585 3879 713 3958 scripta.
766 3879 811 3938 De
841 3885 942 3939 aetate
971 3878 1172 3956 literaturae,
1206 3897 1288 3958 quae
1316 3877 1350 3937 iu
1377 3887 1517 3956 utroque

333 3979 439 4059 lapide
462 3989 576 4061 exstat,
602 3982 642 4042 οῐ.
667 3981 829 4042 KIruhhoff
846 3979 959 4060 Alpis
981 3982 1033 4044 62.
1059 3981 1111 4041 65.

420 4085 506 4156 Quae
529 4083 769 4164 intelleguntur,
794 4081 897 4146 Attice
920 4083 1059 4148 seribere
1082 4083 1187 4164 possis
1209 4083 1272 4144 ita:

447 4198 554 4267 ...τὸν
578 4196 745 4288 ἀνάφαντον
766 4202 798 4285 (i.
813 4223 841 4265 e.
857 4202 1050 4287 εἰσποίητον),
1077 4201 1128 4268 καί
1152 4197 1192 4286 μὴ
1214 4197 1379 4286 ἐπάναγκες
1394 4196 1473 4267 εἶναι

439 4305 533 4369 τελεῖν
545 4301 583 4368 τὰ
593 4304 654 4389 riou
667 4301 899 4391 ἀναφηναμένου
911 4305 942 4388 (i.
953 4328 982 4369 ο.
990 4303 1266 4390 εἰσποιησαμένου),
1278 4302 1330 4368 καί
1340 4300 1378 4368 τὰ
1388 4299 1473 4390 χρή-

401 4424 416 4473 5
440 4431 521 4492 ματα
533 4457 648 4472 ......
665 4403 717 4472 ἐοίν
739 4432 768 4472 τι
789 4409 938 4495 καταλίπῃ
955 4404 999 4494 Itis
1023 4403 1252 4495 ἀναφηνιίμενος
1260 4455 1352 4472 .....
1367 4406 1399 4472 δὲ
1421 4403 1471 4472 τὸν

441 4505 607 4597 ἀνάφαντον
632 4506 671 4596 μή
695 4511 853 4596 ἐπιχωρεῖν
882 4512 913 4595 (ἰ.
932 4532 960 4574 e.
980 4505 1153 4597 ἐμβατεύειν
1176 4513 1219 4584 εἰς
1241 4510 1468 4596 κληρονομίαν).
